3378 5464
781 327 974 396 ...34-

289 550 379 604 xttx.
394 529 620 602 Duonssutts
648 533 795 601 Crouarr
817 529 854 596 A
858 555 920 600 nu.
936 527 1001 601 des
1011 552 1060 601 sc.
1076 543 1154 600 nat.
1164 527 1331 626 (reform.
1345 525 1459 622 char).

290 683 402 754 Frons
415 680 910 771 articulato-tubulosa,tubo
922 680 1079 774 denique
1092 681 1385 752 intus-divisione
1397 680 1509 749 cellu-

241 805 333 895 loso,
347 817 449 876 extus
472 815 584 874 strato
599 814 696 872 arcte
718 802 888 895 adpresso
917 799 1064 872 filorum
1090 801 1428 896 longitudinalium‚
1447 796 1507 869 fila

241 900 470 1020 peripherica
514 922 808 993 monilisormiter
846 923 1034 994 articulata
1069 946 1179 994 muco
1225 946 1300 991 non
1344 922 1506 992 involuta

240 1046 458 1138 gerentium,
495 1045 624 1114 cincto.
652 1041 806 1113 Fructus
840 1040 992 1135 duplex?
1016 1040 1225 1115 Favellidia
1249 1064 1314 1134 per
1342 1041 1508 1126 frondem

240 1189 362 1260 sparsa
397 1187 606 1249 numerosa,
620 1164 665 1234 ad
699 1162 803 1234 basin
836 1160 984 1234 filorum
1019 1163 1324 1237 moniliformium
1351 1160 1510 1232 breviter

238 1283 452 1380 pedicellata
471 1299 507 1356 et
524 1285 633 1378 plexu
649 1285 784 1356 horum
805 1283 1034 1354 umbellatim
1047 1265 1356 1353 incoluerantium·
1381 1281 1510 1362 cincta,
1630 1331 1634 1338 ,

239 1419 442 1480 extrorsum
467 1405 581 1487 nuda,
604 1407 698 1478 intoa
715 1407 958 1499 perisporium
972 1407 1161 1502 hyalinum
1180 1407 1505 1477 membranaceum

238 1529 444 1620 congeriem
460 1524 719 1619 subglobosam
732 1547 926 1618 sporarum
946 1528 1174 1598 minutarum
1201 1527 1366 1597 foventia.
1385 1525 1510 1622 Sphe-

238 1668 395 1744 rosporoe
409 1646 574 1717 obovotae
585 1645 632 1715 ad
645 1643 708 1715 fila
730 1645 989 1716 moniliformia
1002 1646 1150 1734 sessiles,
1176 1647 1336 1742 denique
1350 1671 1470 1744 sporas
1486 1647 1511 1734 4

238 1763 490 1839 continentes?
513 1807 562 1820 -
574 1766 669 1860 Algae
682 1766 930 1860 maximopere
945 1763 1096 1837 lubricae
1112 1767 1360 1836 ramosissimae
1382 1765 1510 1838 filitor-

238 1913 314 1960 mes
328 1887 518 1958 coccineo-
531 1909 743 1980 purpureae,
760 1885 911 1956 ramulis
924 1886 1028 1955 initio
1041 1886 1509 1982 subverticillatisdenique

236 2006 406 2088 frondem
423 2019 466 2078 ut
479 2020 637 2080 stratum
653 2006 810 2079 densum
830 2005 1136 2099 cooperientibns.

257 2204 265 2214 ⁵
286 2127 461 2200 Auctores
475 2128 615 2200 laudati
632 2125 745 2220 hujus
771 2127 910 2220 generis
934 2150 955 2196 a
970 2125 1177 2224 Mesogloia
1194 2127 1338 2200 defectu
1357 2125 1508 2200 filorum

234 2247 559 2342 longitudinalium
583 2245 728 2320 differre
751 2244 961 2338 praedicant,
999 2247 1104 2317 unde
1123 2272 1237 2340 genus
1271 2273 1409 2323 novum
1436 2259 1509 2318 «et

233 2379 419 2450 structura
438 2380 475 2438 et
504 2366 633 2464 'fructu
655 2367 857 2448 ‚uemmietc
877 2367 1092 2440 conveniens
1112 2397 1130 2431 »
1162 2369 1199 2440 in
1220 2369 1356 2446 ‚vicinio
1383 2366 1507 2444 Wran·

234 2487 334 2580 geliae
360 2485 581 2560 collocatum
612 2485 751 2558 volunt.
778 2483 886 2572 Quod
921 2486 1085 2579 primum
1119 2501 1342 2560 structuram
1363 2489 1505 2574 attinet,

235 2616 449 2700 sequentem
479 2604 561 2698 ipse*
580 2603 775 2678 observavi.
799 2604 928 2676 Tubns
955 2610 1121 2691 centralis
1152 2608 1317 2701 juvenilis
1334 2621 1387 2678 est
1406 2609 1509 2678 initio

235 2701 631 2818 simplexarticulatus
653 2737 698 2816 et
718 2724 898 2795 verticillis
929 2727 1154 2820 regularibus
1184 2726 1332 2809 filorum
1362 2727 1509 2798 monili·

235 2843 411 2917 formium
437 2842 531 2913 inira
541 2843 755 2938 geniculum
771 2844 950 2938 quodque
973 2846 1236 2939 egredientium
1258 2849 1419 2934 cinctus,·
1447 2849 1509 2918 sod

235 2963 352 3034 tubus
373 2962 540 3033 centralis
566 2964 666 3034 intus
681 2965 817 3036 sensim
843 2963 1033 3055 dividitur,
1057 2967 1156 3036 unde
1177 2968 1214 3038 in
1239 2965 1365 3037 adulta
1387 2966 1510 3060 planta

234 3083 334 3190 frons
349 3084 501 3186 interior
515 3083 687 3154 cellulosa
700 3097 863 3179 apparet.
880 3085 1017 3158 Eodem
1033 3100 1198 3180 tempore
1218 3090 1335 3158 oritur
1353 3099 1509 3159 stratum

236 3217 428 3308 externum
443 3201 594 3299 filorum
610 3203 946 3300 longitudioalium,
962 3207 1078 3300 quod,
1095 3207 1139 3276 ad
1157 3209 1292 3280 tubum
1311 3205 1510 3278 arctissime

238 3322 467 3416 adpressum,
498 3338 689 3396 externum
725 3324 821 3395 illius
848 3324 954 3396 latus·
975 3329 1126 3396 omnino
1151 3327 1297 3420 obtegit.
1327 3326 1400 3396 Fila
1430 3327 1510 3396 haec

234 3445 422 3540 articulata
437 3460 534 3534 sunt,
560 3462 598 3520 at
611 3473 685 3520 non
699 3461 886 3520 contracto
900 3499 908 3529 ,
924 3459 959 3518 et
980 3445 1049 3516 filis
1072 3446 1289 3517 verticillatis
1305 3445 1510 3534 monililor-

237 3563 359 3639 mibus
379 3574 504 3634 ortum
519 3563 652 3636 debere
666 3567 850 3651 videntur,
867 3566 965 3636 unde
988 3565 1151 3635 verticilli
1163 3566 1200 3634 in
1215 3565 1286 3636 filis
1309 3567 1510 3660 longitudi-

237 3682 385 3754 nalibus
400 3682 614 3781 regulariter
632 3685 827 3756 insidentes
842 3697 1029 3780 apparent;
1043 3686 1106 3756 sed
1130 3687 1350 3756 increscente
1369 3687 1510 3770 fronde,

238 3827 330 3873 nova
365 3804 427 3876 fila
453 3804 710 3881 monililormia
744 3807 966 3876 emittuntur
988 3804 1219 3898 ubicumque
1245 3807 1359 3899 spatia
1386 3807 1509 3877 relicta

239 3935 338 4010 sunt,
367 3925 485 3994 donec
511 3924 681 3996 frondem
706 3925 857 3996 omnino
881 3927 1070 3996 inveStiant
1097 3923 1157 3994 fila
1180 3925 1415 4021 peripherica.
1442 3922 1509 3992 Hic

239 4045 424 4136 crescendi
437 4048 604 4119 modus—a
618 4049 808 4120 ceramiets
825 4045 1098 4140 longoaberrat⁹
1124 4046 1160 4114 in
1189 4044 1325 4139 quibus
1346 4056 1509 4114 ramenta

239 4167 296 4238 vix
328 4165 406 4256 oisi-
423 4170 516 4241 rami
537 4167 699 4260 juniores
722 4166 951 4238 existimandi
975 4179 1072 4250 sunt,
1094 4189 1180 4234 cum
1208 4176 1312 4234 aetate
1334 4166 1371 4232 in
1388 4187 1508 4233 ramos

238 4287 385 4372 mutati,
401 4288 500 4360 undc
514 4290 614 4360 srons
641 4287 768 4358 adulta
792 4289 830 4356 in
852 4289 1044 4356 Geramieis
1060 4287 1231 4373 ramentis
1253 4284 1466 4354 denudatur
1481 4287 1508 4352 si

240 4381 411 4498 quaedom
435 4431 477 4477 ex
501 4408 556 4477 his
573 4410 608 4478 in
623 4407 771 4502 juvenili
785 4407 906 4502 planta
923 4406 1096 4476 adessent.
1111 4406 1182 4475 Nec
1198 4404 1340 4475 lructus
1364 4403 1508 4475 Favellis

239 4529 478 4598 somniorum
490 4551 570 4596 vere
585 4527 716 4598 similes
729 4539 835 4609 sunt;
852 4527 1098 4622 perisporium
1112 4527 1148 4596 in
1171 4523 1361 4596 Ger-amieis
1383 4524 1507 4597 laxum
