3378 5464
616 411 838 481 -157-
956 433 961 451 ⁴

96 549 298 644 proximus.
321 546 489 619 Coccidia
503 548 542 618 in
566 547 717 646 ramulis
740 551 890 622 omnino
906 549 1076 622 immersa
1098 563 1204 640 sunt,
1229 550 1368 622 babent

95 671 299 765 placentam
314 694 357 740 ex
375 681 474 740 costa
485 669 729 764 egredientem
746 684 784 744 et
797 671 1004 756 centralem,
1017 697 1038 740 a
1053 696 1126 765 qua
1143 695 1257 766 sporae
1271 674 1369 768 pyri-

95 793 229 861 formes
246 791 414 862 radiatim
427 803 573 864 exeunt.
598 789 723 886 Spore
744 792 897 864 invicem
919 793 1070 864 omnino
1095 791 1217 864 libere
1241 793 1279 862 in
1298 789 1368 862 filis

95 912 402 984 moniliformibus
434 914 585 1005 quidem
616 914 862 1001 evolvuntur,
898 914 960 984 sed
994 913 1148 1008 articulo
1184 911 1365 983 terminali

96 1034 230 1104 caeteris
246 1032 366 1103 multo
385 1034 602 1126 praecociore
625 1031 698 1104 iere
719 1037 875 1129 speciem
897 1059 1089 1128 sperarum
1114 1033 1368 1130 pyrilormium

95 1151 256 1240 habent,
290 1153 359 1248 (ut
383 1153 421 1223 in
449 1149 661 1226 Chondrieir
679 1151 742 1224 fila
772 1156 952 1250 sporigera
982 1153 1368 1228 submono-articulata

96 1285 132 1342 ct
151 1271 230 1344 basi
250 1274 287 1342 in
312 1272 531 1366 pedieellum
554 1273 660 1368 longe
681 1273 895 1370 attenuata).
1336 1261 1341 1267 ⁸

100 1429 180 1520 293.
196 1431 232 1502 S.
246 1426 433 1500 chordulis
444 1425 525 1500 nob.
535 1428 612 1527 Ag.
630 1453 682 1526 sp.
694 1455 731 1525 p.
748 1430 826 1523 189.
843 1433 1043 1528 Gigartim
1057 1427 1251 1502 Gaditana
1262 1435 1372 1502 Mont

144 1551 184 1618 in
203 1548 249 1618 P.
280 1545 391 1620 Webb
417 1552 503 1622 otia
517 1549 727 1645 Hispanico
740 1563 838 1645 pent.
852 1555 900 1622 ΙΙ
921 1577 957 1647 p.
984 1553 1040 1621 13.
1057 1549 1134 1624 tab.
1151 1549 1184 1619 7.
1193 1547 1234 1647 f.
1264 1549 1333 1620 d-i.

147 1722 245 1792 Num
273 1746 353 1792 vere
381 1724 418 1792 in
445 1723 704 1794 Mediterraneo
728 1723 819 1794 lecta
847 1726 892 1796 sit
918 1727 1068 1819 ignor03
1100 1728 1299 1822 specimina
1327 1746 1370 1796 cx

100 1843 190 1912 mari
217 1843 390 1914 Nicaeensi
414 1843 594 1937 perhibita
619 1844 657 1912 in
682 1843 891 1916 collectione
913 1843 1083 1917 Rissoana
1102 1847 1186 1918 vidi.

309 2071 675 2142 rxxx111.Dumssm1A
693 2069 902 2170 Greudlg.
923 2077 1028 2145 Britt.
1044 2099 1081 2170 p.
1102 2089 1168 2170 71.⁴

146 2297 195 2370 D.
210 2297 480 2398 Hypoglossum
495 2305 595 2372 Lam.
608 2299 684 2398 Ag.
704 2324 755 2396 sp.
773 2299 853 2398 Alg
862 2327 900 2399 p.
927 2304 1004 2397 176.

153 2509 190 2578 V
186 2529 240 2576 ar.
262 2501 452 2601 ovalffolia
463 2529 473 2574 .·
484 2505 677 2576 frondibus
691 2506 870 2598 primariis
882 2506 1370 2600 angustissimislanceolato-

101 2624 308 2720 linearibus,
317 2624 659 2720 loliolisjunioribus
668 2624 1043 2697 obovatisovalibusve
1053 2629 1183 2697 sensim
1193 2627 1371 2698 adultiore
1453 2633 1455 2638 ’

101 2764 203 2822 atate
232 2754 268 2820 in
311 2750 525 2821 lanceolatas
559 2750 854 2837 transeuntibus,
883 2749 971 2818 soris
1007 2748 1165 2818 mediam
1202 2749 1370 2820 frondem

98 2870 280 2962 juniorem
297 2870 573 2964 occupantibus.

142 3037 221 3096 Hab.
236 3037 299 3096 aliis
313 3038 394 3114 Algis
407 3038 576 3116 parasitica;
602 3055 639 3096 ex
653 3035 774 3094 Venetia
795 3035 964 3110 Zonardini,
992 3056 1007 3094 a
1029 3035 1157 3094 Massilia
1172 3035 1284 3105 Solier3
1309 3037 1372 3115 ipse

102 3139 138 3198 ad
149 3143 287 3203 Nicaeam
295 3141 369 3217 legi.
390 3171 392 3174 ·

150 3299 206 3372 An
226 3303 359 3399 species
376 3296 573 3371 distincta?
595 3299 740 3370 frondes
758 3295 939 3390 primaria
961 3292 1184 3363 semilinearn
1210 3293 1266 3362 vix
1291 3292 1371 3362 latae

103 3445 197 3516 saepe
224 3421 401 3515 spiraliter
427 3432 529 3492 tortae
555 3419 610 3492 vel
635 3418 796 3512 margine
823 3416 950 3486 eximie
976 3414 1139 3506 crispata·
1157 3451 1203 3464 -
1223 3424 1259 3483 et
1282 3423 1372 3484 tunc

109 3551 159 3618 W
154 3541 408 3615 onnskoldiam
418 3545 572 3637 crispam
580 3545 674 3610 Zau.
687 3540 1006 3620 constituentes-5
1017 3532 1138 3603 loliola
1146 3532 1290 3627 juniora
1302 3534 1374 3627 pri-

104 3664 224 3734 mariis
254 3660 451 3733 sublatiora
486 3686 507 3730 a
540 3660 657 3729 forma
678 3657 831 3730 obovata
853 3656 1083 3726 obtusissima
1108 3654 1147 3723 in
1176 3653 1315 3722 ovalem
1338 3668 1374 3724 et

105 3785 264 3877 deniqne
285 3781 522 3853 lanceolatam
537 3781 668 3852 sensim
681 3781 914 3850 transeuntia.
931 3779 1009 3847 Sori
1023 3778 1088 3870 qui
1102 3776 1138 3844 in
1158 3775 1278 3868 specie
1302 3776 1374 3867 pri-

105 3905 219 3974 maria
240 3905 378 3999 apicem
394 3905 612 4000 plerumque
632 3909 825 3990 occupant,
850 3899 888 3966 in
905 3909 1027 3967 nostra
1047 3896 1120 3964 fere
1140 3918 1282 3988 semper
1296 3919 1373 3966 me·

105 4024 210 4096 dium
224 4049 288 4095 seu
304 4025 420 4096 immo
435 4023 540 4095 basin
555 4020 763 4095 ioliolorum
778 4036 925 4095 ornant.
