3378 5464
698 388 745 408 ..
773 350 844 430 ul
867 389 916 406 ...

224 569 345 674 urxrrr.
360 548 530 622 baturus
542 555 620 646 Ag.
631 550 733 620 Iron.
745 545 839 645 Δίς.
850 544 944 619 Eur.
956 567 994 616 ιι.
1008 565 1046 640 9.
1061 545 1100 618 J.
1113 541 1190 643 Ag.
1206 539 1321 642 synd.
1330 565 1369 642 p.
1390 565 1449 640 ²9·

179 757 261 854 273.
276 753 361 828 Ala.
384 752 604 828 corallinum
625 761 689 852 Ag.
706 749 730 822 l.
749 776 783 826 c.

218 931 296 990 liab.
311 932 344 990 in
357 929 483 990 sinubus
493 929 663 1008 tranquillis
674 931 766 990 maris
780 945 890 1011 parum
903 926 1047 1008 profundi
1061 923 1098 985 ad
1109 923 1222 1005 lapidea
1234 923 1407 999 demersos3
1419 927 1451 984 ln

179 1035 329 1096 Adriatico
347 1034 384 1094 ad
398 1035 577 1112 Tergestum
591 1033 781 1114 frequentem
798 1033 836 1092 ad
849 1034 981 1094 Liroruo
995 1041 1024 1091 et
1037 1029 1178 1091 Pouuoli
1187 1024 1247 1105 lpse
1260 1028 1332 1108 legi.

219 1168 352 1230 Frondes
372 1189 388 1228 a
403 1180 502 1229 crusta
518 1168 576 1231 late
590 1187 721 1248 expansa
742 1185 929 1241 numerosae,
955 1166 1108 1246 cespitem
1127 1163 1255 1224 densum
1269 1164 1452 1238 formantes,

180 1272 234 1332 sub
250 1293 326 1352 aqua
341 1271 401 1333 iere
422 1292 438 1332 e
452 1273 551 1352 pisso
566 1274 707 1346 nitentes,
722 1289 846 1332 emersae
857 1286 1030 1351 purpurea,
1045 1268 1202 1329 exsiccate
1216 1283 1296 1348 saepe
1308 1286 1346 1328 ex
1361 1267 1454 1354 rubro

180 1375 361 1436 albescentes
373 1396 382 1448 ;
398 1376 463 1434 basi
477 1377 609 1436 crassitie
620 1393 727 1456 pennae
740 1381 871 1436 corvinae
887 1379 970 1458 apice
986 1376 1141 1456 abruptius
1155 1382 1323 1449 attenuatae,
1340 1372 1456 1434 inferne

180 1481 373 1559 irregularius
390 1479 595 1555 dichotomae,
617 1498 746 1560 superne
760 1483 851 1542 ramis
866 1480 1055 1540 densioribus
1076 1487 1200 1540 ornatu.
1217 1479 1304 1538 Rami
1318 1493 1396 1559 saepe
1410 1496 1457 1538 se-

179 1585 302 1647 cunduli
316 1593 462 1665 patentes,
478 1586 607 1662 majores
621 1583 1075 1665 decompositi,minoresabasi
1088 1584 1193 1644 latiore
1205 1597 1389 1662 magnopere
1410 1591 1458 1643 at·

180 1691 296 1750 manati
313 1689 373 1748 iere
388 1687 530 1762 sutulari,
545 1698 596 1748 aut
610 1689 684 1748 nudi
697 1687 896 1768 rigidiusculi,
912 1697 964 1752 eut
974 1703 1054 1749 nora
1063 1685 1262 1748 ramellorum
1272 1686 1349 1746 serie
1361 1687 1459 1746 ornati

181 1802 210 1850 et
224 1802 297 1850 tuno
308 1790 476 1852 molliores.
489 1791 618 1854 llamelli
631 1792 770 1870 utrinque
784 1793 928 1854 acenuati
940 1789 1156 1852 sublaucoidei.
1176 1787 1304 1850 cenula
1319 1787 1461 1852 frondem

182 1897 398 1956 constituentes
418 1896 545 1977 duplicis
572 1897 695 1968 formae3
725 1897 880 1956 interiores
906 1895 977 1966 7·8,
1001 1893 1165 1956 cenbalem
1186 1892 1328 1954 cellulam
1354 1895 1461 1956 minc·-

182 2015 249 2056 rem
277 1998 669 2078 cylindrico-prismaticam
695 1998 836 2059 radiatim
862 1999 1099 2074 circumdantes,
1120 1998 1271 2078 majores,
1295 1999 1461 2058 sectionem

183 2098 415 2162 transversalem
436 2102 764 2180 oborato-angulosam
787 2103 966 2178 offerentes,
991 2099 1247 2179 longitudinaliter
1261 2117 1370 2181 parum
1392 2098 1461 2160 lon·

185 2208 284 2282 giores
309 2221 400 2284 quam
421 2221 545 2281 crasse,
561 2223 666 2265 omnes
678 2207 710 2264 in
724 2205 832 2266 eodem
845 2205 936 2289 plano
959 2205 1141 2267 horizontali
1159 2205 1334 2286 dispositae,
1356 2221 1463 2285 aspec-

184 2319 252 2368 tum
265 2308 353 2369 illum
368 2309 563 2370 articulatum
578 2309 676 2368 frondi
688 2308 839 2384 tribuunt3
855 2313 1018 2382 extmiores
1034 2311 1145 2372 sensim
1155 2312 1287 2370 minores
1302 2317 1333 2369 et
1345 2311 1463 2386 irregu-

185 2413 262 2472 lares
274 2431 355 2472 nunc
368 2421 485 2494 partem
496 2413 629 2472 mediam
642 2412 820 2486 cellularum
832 2416 1012 2485 interiorum
1024 2417 1120 2492 magis
1134 2413 1371 2476 translucentem
1380 2429 1462 2472 nunc

186 2515 324 2594 genicula
336 2515 511 2576 obscuriora
528 2525 661 2596 tegentes
678 2515 836 2578 fasciatum
849 2527 1004 2598 aspectum
1018 2519 1118 2580 frondi
1133 2518 1261 2582 addunt.

186 2662 1462 2804 mruorannnrAg.sp.Atg.1.p.3oo.Sulraetertum1836fig.34.

188 2878 267 2974 274.
287 2885 328 2950 D.
347 2875 502 2980 simplex
521 2877 597 2978 Ag.
615 2875 643 2950 l.
662 2903 693 2950 c.

227 3049 309 3112 Hab.
328 3052 360 3112 in
378 3051 553 3114 scrobiculis
569 3062 597 3111 et
617 3052 654 3112 ad
673 3070 763 3132 rupes
783 3071 891 3138 parurn
905 3052 1054 3116 demersas
1067 3056 1182 3134 specics
1197 3053 1377 3134 plerumque
1397 3068 1465 3110 scr·

188 3149 303 3225 didior3
319 3173 356 3215 ex
369 3156 517 3216 Dalmatia
530 3153 694 3234 Papufavu,
711 3174 748 3216 ex
768 3157 1011 3238 Galloprorincia
1027 3158 1167 3236 Glraudi,
1184 3176 1221 3220 ex
1238 3157 1365 3238 Neapoli
1381 3153 1466 3218 Delie

155 3311 159 3320 .
192 3253 305 3334 Gblaje.

363 3467 462 3519 nxxv.
487 3445 769 3521 Aorurnornona
783 3454 885 3522 Lare.
910 3453 1015 3526 Grec.
1030 3474 1112 3552 syn.
1132 3476 1172 3523 ιι.
1197 3473 1294 3526 nvur.

197 3646 281 3746 275.
295 3647 369 3724 Ac.
390 3647 520 3725 Delr‘lei
531 3656 633 3727 Lara»
651 3674 718 3726 css.
738 3648 816 3752 Ag.
835 3676 887 3751 sp.
907 3679 945 3752 p.
968 3652 1052 3731 363.

232 3823 309 3886 Hah.
327 3825 403 3884 inter
418 3823 535 3904 Sphaer.
550 3827 780 3887 musciformem
795 3831 1039 3910 stepeintricata,
1053 3831 1091 3892 ad
1102 3848 1192 3911 rupes
1201 3833 1234 3891 in
1245 3830 1340 3892 limite
1354 3832 1464 3904 maris;

193 3928 230 3992 ad
252 3929 352 3991 littora
367 3931 562 4011 Neapolitana
582 3931 716 4014 primus,‘
740 3936 771 3993 ni
789 3933 893 4012 fallor,
915 3934 987 4014 legit
1000 3933 1084 3996 Delie
1109 3933 1230 4014 Cdlujel
1251 3953 1290 3997 ax
1311 3939 1405 3999 'forre
1418 3934 1468 3996 del

192 4033 289 4094 Graec
300 4031 383 4093 dedit
394 4031 542 4108 Martem
556 4033 616 4112 lpse
631 4038 668 4098 ad
680 4036 819 4101 Poaauoli
828 4037 900 4118 legi.

233 4193 348 4253 Recens
361 4211 398 4253 ex
409 4194 544 4256 oliraceo
561 4196 739 4259 viridescere
751 4201 859 4273 nitens,
872 4197 1072 4258 exsiccatione
1086 4200 1270 4278 nigrescens.
1281 4198 1376 4258 Frons
1390 4203 1468 4254 tere-

196 4295 324 4357 tiuscula
345 4316 400 4379 per
422 4309 515 4359 totam
540 4301 764 4378 longitudinem
783 4303 873 4362 ramis
891 4301 1080 4364 brevioribus
1100 4301 1351 4382 longioribusque
1376 4301 1467 4359 iuter·

195 4400 297 4459 mixtis
311 4401 461 4480 pinnatim
475 4401 733 4484 subpyramidata‚
756 4406 941 4486 spinulisque
956 4408 1067 4486 sparsis
1082 4406 1211 4468 obsessa.
1231 4407 1318 4466 Romi
1337 4403 1467 4483 majores

194 4499 263 4582 plus
274 4504 375 4566 miuus
386 4503 606 4585 desumpsero,
620 4510 751 4572 minores
769 4508 939 4590 ramuliqus
953 4511 1152 4574 obtusiusouli
1165 4510 1327 4574 lateraliter
1341 4507 1467 4589 spinulis

195 4605 393 4690 apertioribus
413 4608 558 4693 apiceque
581 4611 680 4681 dantis
704 4617 821 4682 armati.
844 4615 981 4698 spinule
1001 4635 1021 4684 a
1039 4617 1105 4684 bui
1123 4617 1231 4682 latiore
1252 4612 1468 4699 pyramidatim
