3378 5464
810 373 1029 452 2-128-

268 549 332 612 sim
344 550 374 612 in
391 547 555 612 crassitiem
570 547 741 632 capillerem
753 557 916 625 attenuata,
931 569 985 634 per
998 547 1196 612 dichotomiae
1210 545 1343 611 laterales
1354 549 1480 612 alternas
1495 549 1543 613 dt·

268 659 343 718 aisa
362 653 449 718 llami
461 656 522 716 iere
531 642 671 733 distichi,
685 656 723 716 ad
742 657 914 736 geniculum
925 657 1067 737 quodque
1077 657 1169 724 ltdte
1184 656 1382 734 egredientes,
1397 677 1412 714 e
1429 658 1542 738 patenti

270 761 478 835 erectiusculi,
493 762 606 841 pluries
628 761 813 838 dichotomi,
834 763 958 824 ramulis
980 781 1069 844 supra
1082 758 1194 825 'axillas
1212 761 1465 848 conserpentibus
1481 762 1542 821 lere

271 865 405 944 ejusdem
418 865 625 942 longitudinis,
634 867 747 927 ultimis
767 867 930 950 suscipatis.
942 869 1066 929 Articuli
1083 869 1113 926 iu
1124 867 1174 928 filo
1191 869 1336 948 primario
1350 868 1453 946 2·3plo
1475 867 1541 926 dia-

270 979 367 1028 metro
392 957 562 1046 longiores,
585 972 616 1030 in
640 973 731 1031 remis
753 989 861 1053 parum
882 982 1068 1054 superantes,
1103 975 1134 1030 in
1155 971 1279 1032 ramulis
1299 971 1428 1050 denique
1454 969 1542 1030 illum

273 1083 406 1152 aequaut,
424 1090 529 1132 omnes
543 1074 724 1139 &lt-venosi.

319 1207 498 1280 nffinttste
515 1212 558 1278 P.
579 1213 723 1305 patenti
734 1210 911 1303 proxima,
928 1209 1196 1282 characteribus
1222 1207 1323 1280 facile
1336 1209 1517 1280 distincta.

273 1361 353 1456 ²37·
365 1361 402 1424 P.
413 1357 559 1432 subtilis
566 1363 626 1436 De
636 1365 676 1432 N
675 1375 768 1434 otor.
781 1386 790 1430 a
801 1363 947 1455 caespite
958 1365 1103 1433 minuto
1116 1360 1272 1444 lubrico,
1280 1358 1349 1430 iilis
1363 1359 1543 1452 primariis

319 1481 429 1554 abasi
449 1482 647 1554 articulatis
662 1480 866 1576 cylindricis
880 1481 1171 1554 subdichotoinis
1185 1471 1369 1574 tertiisque
1389 1479 1544 1549 minori-

301 1601 390 1674 bus
404 1602 613 1698 patentibus
628 1626 736 1696 parce
749 1602 941 1674 ramulosis
954 1602 1090 1689 obsitis,
1102 1603 1252 1674 ramulis
1265 1601 1543 1674 subsecundatie

247 1805 248 1815 ἵ
317 1724 643 1816 patenti-incurvis,
655 1723 816 1794 articulis
837 1724 1096 1824 primariorum
1112 1724 1289 1794 diametro
1307 1720 1435 1814 2-3p10
1453 1722 1543 1792 ‘lon-

270 1863 275 1870 ·
315 1841 489 1936 gioribus,
515 1844 746 1916 ramulorum
762 1841 983 1939 aequalibus,
1003 1841 1276 1915 subtrinenosis.
1400 1835 1403 1840 ’

304 1993 389 2078 Βοὴ.
412 1997 490 2054 inter
512 1995 583 2054 alias
608 1996 696 2072 Algae
716 1995 753 2055 ael
776 2015 862 2074 rupee
883 1963 1099 2056 vehementiori
1120 1996 1202 2056 fluxu
1225 1958 1374 2086 expositas
1392 1996 1425 2054 in
1440 1958 1540 2064 limite

268 2099 383 2168 maris;
407 2113 444 2160 ex
466 2100 566 2160 Nicaea
587 2099 668 2160 dedit
688 2105 732 2158 De
749 2099 866 2164 Notarls
879 2121 888 2174 ς
902 2101 1039 2188 Ibidem,
1060 2101 1096 2162 ad
1117 2102 1254 2160 Genuam
1281 2110 1313 2160 et
1334 2095 1541 2174 fiscanninae

269 2198 338 2280 legi.

311 2359 455 2439 Caespites
473 2361 583 2418 minuti
604 2360 859 2442 sesquipollicnres
879 2359 999 2424 lubrici.
1023 2363 1084 2422 lita
1104 2365 1245 2444 primaria
1265 2361 1415 2440 capillaria
1435 2355 1541 2419 dicho·

269 2475 352 2525 toma
362 2468 513 2545 ramisque
524 2467 692 2526 minoribus
703 2467 863 2527 lateraliter
871 2467 976 2526 obsita.
988 2467 1075 2525 Remi
1087 2485 1193 2546 parum
1206 2467 1357 2532 teneriores
1369 2465 1540 2524 conformes

268 2579 404 2650 patentes
426 2581 455 2630 et
478 2565 670 2646 submoueri,
696 2572 818 2632 ramulis
851 2556 1021 2661 petentibup
1045 2573 1190 2648 elongatis
1213 2555 1361 2647 longeque
1382 2571 1542 2628 attenuatis

269 2659 399 2732 flaccidis
417 2674 641 2734 subsecundatis
657 2674 756 2734 obsiti.
773 2675 897 2735 Articuli
908 2676 1003 2744 intimi
1014 2674 1160 2734 diametro
1175 2691 1283 2752 parum
1297 2673 1459 2750 longiores,
1473 2689 1543 2730 me·

269 2774 311 2832 dii
321 2775 415 2855 duplo
430 2777 478 2838 rel
493 2778 639 2857 subtriplo
656 2779 818 2855 longiores,
833 2781 965 2858 supremi
978 2778 1116 2858 aequales,
1130 2780 1213 2838 renis
1225 2771 1539 2857 duobus'o‘onspicuis.

269 2878 444 2939 Keramidia
459 2880 888 2964 urceolataproportioualiter
901 2901 1026 2961 magua,
1052 2881 1156 2944 froude
1171 2881 1266 2960 duplo
1280 2881 1404 2956 latiora,
1426 2879 1542 2940 brevis·
1586 2861 1588 2864 ¹

269 2982 345 3041 simo
361 2983 510 3064 pedieello
526 2984 563 3044 ad
577 2986 711 3045 ramulos
726 2987 894 3064 superiores
909 2987 1006 3049 affixe.

318 3115 372 3188 Ad
397 3123 435 3186 P.
443 3113 628 3214 filtratam
642 3126 757 3192 Horu.
778 3119 942 3214 proxime
963 3122 1112 3208 accedit,
1124 3135 1160 3192 et
1171 3120 1315 3192 nonnisi
1330 3120 1540 3236 varietatem

269 3235 382 3332 hujus
408 3250 547 3310 statura
575 3238 755 3316 minorem
778 3239 924 3313 credere
947 3241 1021 3313 fere
1042 3264 1245 3335 propensus
1263 3262 1356 3312 sum.

271 3441 352 3516 238.
367 3441 405 3509 P.
424 3446 634 3516 Morisiana
642 3467 722 3518 nov.
738 3468 791 3542 sp.
808 3471 819 3515 e
835 3447 979 3540 caespite
989 3443 1131 3544 {majori
1143 3440 1298 3531 lubrico,
1318 3441 1387 3514 filis
1401 3445 1541 3537 prima-

166 3550 168 3554 ’
318 3560 379 3634 tiis
395 3562 507 3636 abasi
518 3565 718 3636 articulatis
732 3565 934 3660 cylindricis
954 3564 1246 3638 subdicbotomis
1269 3565 1540 3661 ramisquemi-

318 3683 470 3756 notibus
487 3683 695 3778 patentibus
713 3709 823 3779 parce
844 3686 1035 3759 ramulosie
1054 3685 1205 3782 obsitis,
1231 3685 1385 3757 ramulis
1411 3672 1541 3756 subne-

319 3804 489 3874 cundatis
515 3805 844 3899 patenti-incurvis,
863 3805 1024 3879 articulis
1045 3806 1222 3882 diametro
1245 3806 1376 3902 6-8p10
1399 3806 1540 3902 longio-

319 3922 421 3995 ribus
436 3923 628 3998 bivenosis.
672 3905 680 3918 Ι
925 3904 928 3923 s

369 4100 555 4169 Retracto
578 4095 638 4170 Fl.
667 4097 775 4195 Capr.
796 4124 833 4196 p,
856 4097 950 4194 209?

311 4247 388 4308 llab.
413 4251 444 4307 in
461 4249 524 4308 aliis
545 4252 701 4329 parasitica
715 4269 723 4320 ;
737 4250 893 4344 exllnsuln
915 4255 998 4330 Pago
1022 4253 1103 4312 dedit
1121 4251 1286 4313 Bt'asoietto.

321 4381 417 4454 Cum
433 4385 659 4478 praecedente
674 4386 711 4456 in
728 4387 901 4459 omnibus
914 4389 1094 4477 convenit,
1114 4401 1251 4484 statura
1267 4388 1401 4481 majore
1414 4387 1452 4486 (3
1465 4389 1540 4484 pol·

271 4501 389 4599 liceri)
403 4517 439 4574 ct
451 4504 693 4576 articulorum
707 4505 934 4599 longitudine
947 4520 982 4576 st
997 4519 1181 4579 structura
1192 4507 1460 4612 exceptis.Cu1n
1477 4508 1537 4579 illa

271 4623 381 4716 igitur
392 4635 433 4695 ut
444 4625 594 4697 venetas
604 4625 744 4698 diversa
755 4625 800 4696 a'd
817 4627 855 4694 P.
855 4623 1035 4720 fibrutam
1044 4627 1163 4700 forsan
1175 4631 1386 4702 revocanda.
1407 4629 1538 4702 Obstat
