3378 5464
765 367 1016 438 ..gg-2

226 512 414 586 merulum
429 535 630 611 sporarum
652 537 673 582 a
700 527 838 608 puncto
855 516 1003 587 centrali
1025 519 1288 612 egredientium
1313 526 1501 598 continen-

226 632 286 706 tia.
311 635 601 729 Sporosporaem
611 633 744 729 mgae
761 634 1067 708 lumbricilormes
1084 641 1290 734 gelatiuosae
1303 666 1499 740 purpureae

225 776 334 848 parce
349 753 582 826 dichotomae
1449 827 1453 836 ,

274 872 476 966 Postquam
495 873 576 946 loco
601 872 710 946 citato
725 899 840 969 genus
857 826 1076 954 constituere
1095 905 1329 973 coemeram,
1358 863 1501 961 Floram

226 987 406 1087 Caprariae
421 993 542 1065 videre
556 991 726 1090 contigit,
745 1007 784 1066 et
796 993 980 1092 onalysin
972 1013 1165 1074 structurae
1176 1003 1398 1106 fructusque
1414 1032 1501 1078 nos-

224 1113 291 1186 tris
304 1114 458 1183 omnino
476 1116 752 1187 convenientem
767 1114 870 1190 letus
885 1121 1024 1214 agnovi.
1036 1121 1217 1214 Rationes,
1237 1148 1321 1220 quae
1337 1140 1501 1202 auctores

224 1233 344 1328 operis
368 1232 457 1304 dicti
477 1200 746 1328 perducerent,
770 1234 933 1330 plantam
959 1233 1004 1310 ad
1039 1241 1279 1340 Mesogloiam
1303 1247 1432 1320 referre
1461 1283 1500 1304 ·-

92 1357 95 1364 ’
224 1363 359 1448 nempe
373 1364 559 1426 structura
572 1357 785 1427 conveniens
799 1359 1016 1454 Mesogloiae
1029 1361 1227 1460 multifidae
1238 1405 1284 1420 -
1297 1368 1390 1438 ineo
1404 1390 1501 1462 quo-

226 1500 300 1572 que
324 1477 401 1572 ipse
428 1479 573 1572 agnovi,
600 1477 701 1572 quod
728 1479 823 1552 hanc
851 1484 1007 1574 speciem
1029 1483 1238 1574 Nemalioni
1263 1504 1502 1584 congenerem
1553 1543 1555 1550 .
1683 1499 1684 1546 t

226 1597 412 1671 declaravi.
428 1595 498 1669 Sed
513 1610 712 1693 utramque
727 1601 884 1693 speciem
897 1603 1068 1676 acetaris
1080 1605 1298 1704 Mesogloiae
1313 1605 1504 1698 speciebus

224 1733 262 1792 et
287 1723 471 1791 structura
507 1732 543 1791 et
572 1721 696 1792 fructu
724 1746 799 1792 non
826 1745 959 1815 parum
995 1723 1139 1796 differre
1170 1725 1376 1799 observanti
1400 1726 1503 1798 lacile

223 1838 382 1934 patebit,
409 1840 507 1910 unde
531 1841 609 1913 illas
634 1863 748 1934 genus
775 1843 969 1936 proprium
994 1847 1218 1917 constituere
1244 1846 1387 1934 debere,
1411 1847 1504 1918 mihi

224 1981 448 2053 persuasum
468 1958 638 2032 habeam.
659 1959 842 2035 ‘Auctores
870 1963 981 2038 Florae
1006 1963 1190 2060 Caprariae
1212 1992 1317 2040 suam
1345 1970 1504 2064 speeiem

225 2106 246 2152 a
264 2077 444 2176 Dubyana
463 2080 568 2176 longe
588 2095 766 2154 remotam
786 2083 1009 2177 praedicant,
1034 2086 1133 2180 quod
1154 2088 1231 2158 sine
1247 2090 1411 2159 examine
1427 2111 1505 2182 spe-

226 2201 405 2272 ciminum
417 2201 647 2296 originalium
663 2201 868 2296 dijudicare
884 2228 951 2275 nec
971 2228 1166 2298 nequeam,
1182 2230 1249 2278 nec
1260 2209 1390 2286 ausim.
1409 2208 1504 2280 Nos-

226 2324 322 2394 u‘am
350 2334 474 2394 autem
501 2321 633 2416 plantae
656 2322 852 2400 Bertolonii
863 2379 875 2417 ,
905 2323 1098 2420 Agardhii,
1125 2340 1161 2398 et
1184 2327 1296 2399 Florae
1323 2327 1504 2422 Caprariae

227 2447 423 2530 isienticam
437 2469 513 2518 esse
526 2448 662 2519 seimus
674 2477 686 2534 ;
700 2447 799 2521 unde
813 2450 952 2542 generis
968 2471 1114 2535 nomen,
1128 2449 1230 2542 quod
1246 2449 1380 2542 plantae
1395 2450 1505 2544 primi

226 2567 423 2639 inventoris
445 2565 607 2638 tribuere
629 2567 743 2640 voluit
771 2566 844 2638 Cel.
870 2566 993 2663 Duby,
1011 2571 1163 2639 retinere
1187 2568 1316 2639 debere
1339 2566 1505 2641 credide-

227 2689 356 2760 rimus.
385 2728 435 2741 -
457 2687 629 2772 Decaisue
651 2689 689 2758 in
711 2689 957 2758 recentissimo
977 2709 1086 2779 opere
1102 2685 1298 2758 Nemalion
1317 2688 1364 2758 ad
1388 2685 1505 2759 Cinor-

226 2805 376 2879 deneas
387 2806 545 2880 relatum
566 2807 706 2896 voluit3
721 2831 762 2877 ex
778 2794 891 2877 modo
910 2829 986 2900 quo
1008 2806 1172 2880 fructum
1186 2809 1506 2902 interpretavimus

227 2929 365 3022 liquet,
392 2950 460 2998 cur
479 2927 569 2998 huic
591 2927 754 3019 opinioni
770 2927 880 2999 hodie
908 2927 1077 2998 assentire
1100 2953 1175 3000 non
1197 2932 1439 3024 potuerimus.
1459 2969 1507 2985 -

228 3046 449 3141 Opinionem
478 3045 638 3142 denique
662 3047 816 3119 illustris
847 3049 1007 3120 auctoris
1030 3047 1142 3120 Florae
1166 3047 1294 3122 Moreae
1318 3047 1377 3144 (p.
1399 3047 1504 3145 325),

229 3190 380 3262 quoque
396 3165 525 3239 afferre
538 3164 654 3256 lubet,
674 3169 760 3261 qui,
778 3165 1009 3262 Agardhium
1027 3191 1178 3262 carpens
1193 3167 1293 3262 quod
1309 3166 1507 3239 Nemalion

230 3285 465 3362 Chordarieis
497 3289 678 3379 attulerit,
704 3289 751 3359 ad
777 3284 1048 3384 Alcyonidium
1073 3287 1178 3358 illum
1206 3288 1281 3379 ipse
1308 3287 1427 3358 refert.
1470 3285 1507 3358 Si

228 3419 358 3480 auctor
388 3409 591 3500 specierum
620 3407 790 3502 Algarum
815 3409 854 3477 iu
879 3404 1095 3478 Nenmlione
1121 3405 1347 3499 disponendo
1376 3408 1507 3478 vitium

228 3527 472 3615 commiserit,
499 3527 572 3597 hoc
590 3524 688 3600 illius
705 3528 880 3619 temporis
901 3527 948 3597 de
965 3526 1139 3598 affinitate
1163 3527 1262 3598 idaeis
1281 3551 1366 3598 sane
1380 3530 1507 3624 ignos-

231 3645 415 3734 cendum,
451 3668 570 3740 quum
602 3647 717 3728 immo
749 3644 821 3716 Cel.
857 3645 1028 3718 Decaisn'e
1057 3649 1095 3716 in
1122 3649 1366 3719 recentissimo
1399 3671 1507 3742 opere

230 3772 347 3866 ipsam
364 3769 464 3840 illam
482 3767 529 3838 de
543 3767 715 3838 affinitate
739 3764 967 3840 Nermrlionis
986 3766 1105 3836 ideam
1129 3765 1317 3866 amplexus
1342 3779 1407 3838 est.
1435 3768 1507 3838 Βο-

231 3915 342 3985 ryana
364 3902 489 3962 autem
512 3889 650 3984 opinio,
674 3899 710 3960 et
725 3889 908 3960 recentius
932 3887 1109 3982 professa,
1128 3901 1166 3960 ct
1189 3889 1353 3960 examine
1374 3887 1507 3981 ptantae

233 4009 320 4082 vivae
335 4008 502 4097 fundata,
522 4009 642 4082 multo
659 4009 772 4102 magis
793 4007 982 4100 singularis
997 4004 1086 4081 mihi
1099 4009 1255 4092 videtur,
1276 4009 1507 4100 quuminter

182 4173 188 4178 ·
231 4123 349 4206 nostri
360 4131 623 4204 aevibotanicos
637 4131 721 4202 satis
735 4140 879 4201 constat
894 4125 1138 4226 Alcyonidm,
1160 4129 1297 4223 quibus
1312 4126 1508 4199 Nemalion

234 4252 454 4334 adnumerat
478 4251 583 4346 Bory,
611 4277 657 4322 ne
681 4248 822 4344 plantas
849 4249 1000 4344 quidem
1026 4273 1119 4336 esse,
1139 4249 1200 4322 sed
1228 4272 1339 4344 regno
1359 4249 1512 4320 animali

234 4374 425 4466 pertinere.
453 4369 720 4478 Alcyonidium
744 4367 952 4466 defractum
975 4395 1018 4440 ex
1046 4369 1219 4468 Aplysia
1229 4371 1404 4440 emissum
1431 4369 1507 4462 ipse

234 4495 330 4582 ridi;
356 4505 392 4566 et
418 4490 685 4592 Alcyonidium
709 4488 937 4595 ἀιὶιρΙιιιιιιιιιι
965 4513 1039 4574 esse
1067 4493 1294 4592 productum
1327 4487 1501 4579 animate,

235 4607 461 4733 jamdudum
483 4613 590 4700 iuuet
611 4613 649 4698 ui
1135 4665 1139 4672 -
