3378 5464
714 397 930 470 ..437-

225 545 299 572 *Μ*
323 543 386 604 Filo
398 544 533 620 primaria
552 543 684 620 firmiora
694 545 859 622 plerumque
878 543 1010 602 contiuua
1034 543 1152 602 ramulis
1169 542 1331 602 abbreviatis
1345 544 1454 604 dicari-0

184 651 254 708 catis
279 647 516 725 spinulisarmidua
534 649 685 716 juventute
704 646 901 726 penicilligeris
927 666 978 724 per
996 654 1085 710 totam
1113 647 1317 726 largitudinem
1336 647 1453 724 obsessa,

184 755 311 814 articulis
320 753 516 829 paraciaenasis.

186 912 267 984 253.
282 913 320 980 P.
338 909 487 983 Solierii
502 937 583 982 nov.
595 935 648 1010 sp.
664 909 726 982 filo
742 913 915 1005 primario
929 913 1002 984 fere
1015 911 1317 983 abasiarticulato
1328 912 1457 982 subdi-

233 1033 407 1102 chotomo
432 1033 618 1126 ramisque
650 1031 880 1104 verticalibus
909 1031 1133 1126 longioribus
1154 1032 1457 1125 brevioribusque

235 1153 390 1236 obsesso,
410 1152 561 1248 ramulis
578 1153 872 1246 simpliciusculis
890 1147 1084 1240 subulatis,
1108 1152 1313 1247 junioribus
1338 1153 1459 1254 diver-

232 1288 356 1371 gcnter
382 1275 607 1370 penicillatis,
630 1277 791 1347 articulis
809 1275 1070 1370 primariorum
1092 1272 1269 1344 diametro
1293 1271 1459 1366 subqua-

232 1396 367 1492 druplo
394 1395 632 1490 longioribus,
662 1419 852 1470 ramorum
875 1397 1077 1492 aequalibus
1099 1395 1372 1470 brevioribusve
1394 1396 1459 1468 tri-

232 1522 383 1624 venosis,
401 1517 574 1609 geniculis
587 1517 862 1592 subcontractis.

225 1670 303 1732 Hah.
320 1672 356 1728 in·
367 1671 556 1750 profundiori
575 1655 651 1732 mari
669 1673 937 1754 Galloprovinciae;
959 1691 1031 1732 cum
1051 1673 1162 1731 retibus
1181 1680 1343 1731 extractam
1363 1687 1458 1749 prope

184 1775 347 1834 Massiliam
362 1793 465 1834 mense
480 1777 606 1854 Augusti
618 1777 691 1854 legit
701 1776 811 1836 Sotira!

224 1900 322 1960 Filum
342 1903 520 1981 primarium
541 1905 659 1963 circiter
681 1914 843 1978 setaeeum,
862 1906 892 1964 in
906 1906 1014 1962 nostris
1029 1901 1208 1982 tripallicare
1224 1910 1253 1960 et
1268 1901 1337 1960 inde
1353 1921 1369 1960 a
1389 1901 1453 1962 basi

187 2006 389 2076 articulatum,
408 2006 501 2066 semel
515 2006 564 2066 vel
578 2007 624 2066 his
639 2006 846 2068 dichotomum
860 2009 1008 2084 ramisque
1022 2007 1079 2067 3-6
1094 2006 1256 2065 linearibus
1270 2005 1457 2064 subvection-

188 2107 269 2168 libus
283 2109 426 2172 obsitum.
439 2111 524 2170 Remi
540 2112 691 2188 longiores
703 2111 811 2171 eodem
826 2112 917 2172 modo
931 2111 1085 2184 ramulosi,
1099 2111 1311 2187 brevioresque
1325 2110 1456 2180 camellis

188 2213 359 2272 divaricatis
370 2213 550 2274 dichotomis
561 2207 799 2295 monosiphouiis
811 2217 960 2276 terminati
970 2225 1000 2274 et
1010 2215 1169 2274 lateraliter
1180 2215 1281 2288 obsiti,
1296 2213 1456 2272 adultiores

189 2316 331 2378 subulati.
345 2317 471 2376 Articuli
488 2318 521 2376 in
535 2318 585 2378 fila
602 2321 745 2398 primario
760 2295 911 2379 diametro·
925 2321 984 2377 lere
1005 2318 1171 2399 quadruplo
1187 2318 1337 2396 longiores
1351 2317 1390 2378 ob
1405 2336 1457 2394 ge.-

189 2424 288 2482 nieula
302 2421 426 2482 obscura
443 2423 558 2482 facilius
571 2422 762 2495 observandi,
778 2427 808 2482 in
829 2425 919 2482 ramis
933 2423 1121 2500 longioribus
1141 2424 1321 2482 diametrum
1338 2432 1458 2500 aequant

188 2530 271 2586 verris
286 2525 382 2586 tribus
401 2530 496 2586 notati
514 2538 543 2586 et
563 2527 709 2604 geniculis
723 2530 882 2592 contractis
905 2527 1193 2600 submonililormes,
1214 2529 1244 2586 in
1266 2525 1455 2586 brevioribus

189 2635 277 2692 ramis
305 2633 448 2692 subulatis
470 2642 539 2691 sunt
563 2633 709 2692 diametro
730 2631 893 2692 breviores.
920 2632 1043 2691 Articuli
1073 2632 1285 2714 penicillorum
1309 2633 1455 2692 diametro

187 2736 306 2816 lufiplo,
321 2747 350 2795 et
362 2737 461 2797 ultimi
474 2755 568 2814 usque
583 2737 673 2815 ldplo
688 2737 852 2814 longiores.

237 2895 378 2989 Species
396 2896 490 2964 inter
512 2918 637 2964 omnes
659 2894 770 2986 hujus
792 2893 909 2968 tribus
928 2898 1150 2982 tenuissima,
1171 2898 1293 2988 primo
1317 2891 1456 2986 intuitu

193 3013 445 3112 Wraugelium
457 3015 530 3086 fere
544 3013 732 3102 emulans,
758 3038 840 3086 vera
858 3027 982 3086 autem
997 3015 1169 3086 affinitate
1188 3017 1234 3088 ad
1254 3017 1301 3091 P.
1321 3012 1471 3114 byssoiss'

188 3134 269 3206 dem
278 3136 461 3206 accedens.

190 3338 271 3426 254.
287 3344 331 3410 P.
333 3335 600 3433 foeniculacea
611 3337 688 3434 Ag.
703 3360 755 3433 sp.
767 3361 804 3431 ρ.
820 3337 866 3406 60
877 3336 934 3406 filo
950 3337 1122 3430 primario
1147 3338 1335 3427 continuo,
1350 3340 1458 3408 carnis

241 3456 475 3528 verticalibus
488 3455 1021 3550 longioribusbrevioribusque
1032 3481 1187 3553 superne
1206 3458 1460 3530 adscendenti-

237 3577 308 3647 bus
324 3576 481 3660 0bsesso,
501 3577 650 3646 ramulis
672 3575 965 3668 simpliciusculis
989 3577 1329 3672 elongato-flaccidis
1354 3578 1459 3672 longe

235 3697 429 3767 attenuatis
454 3697 678 3790 patentibus,
704 3721 857 3793 superne
881 3699 1119 3770 fasciculatim
1135 3698 1460 3792 penicillatis‚arti-

237 3819 328 3888 culis
341 3817 582 3889 subobsoletis
596 3817 802 3902 reticulatis,
813 3819 1042 3889 ramulorum
1066 3821 1243 3890 diametro
1255 3816 1458 3912 aequalibus

235 3938 290 4009 vel
309 3938 656 4034 sesquilongioribus
670 3940 866 4029 trivenosis,
881 3940 1056 4034 geniculis
1069 3940 1348 4012 subcontrnctis.

226 4105 306 4166 llab.
323 4109 353 4164 in
365 4105 489 4166 sinubus
503 4103 647 4164 sabulosis
659 4103 922 4182 substagnantibus
936 4102 1187 4182 Galloprovinciae
1202 4098 1317 4160 Saliari

179 4295 186 4305 ·
230 4267 347 4343 Caespes
371 4266 426 4330 aa
443 4264 593 4342 polliceris
613 4284 650 4323 ex
666 4283 818 4344 purpureo
836 4244 962 4340 griscus,
982 4265 1179 4324 exsiccatione
1200 4263 1380 4339 nigrescens.
1398 4261 1458 4320 Fila
1505 4285 1507 4294 ’

189 4369 331 4448 primaria
354 4369 413 4426 lara
431 4371 615 4448 passerinam
632 4387 763 4448 pennam
784 4385 891 4442 crassa,
913 4385 1015 4427 versus
1036 4369 1151 4446 apicem
1167 4367 1199 4424 in
1217 4369 1393 4426 tenuitatem
1408 4385 1459 4424 ea-

186 4469 325 4550 pillarum
341 4472 491 4546 abeuntia,
509 4476 558 4532 vix
570 4474 675 4548 divisa,
693 4473 743 4532 sed
762 4493 814 4552 per
833 4483 927 4532 totam
940 4472 1159 4548 longitudinem
1173 4473 1263 4530 ramis
1279 4470 1377 4528 derasis
1392 4469 1459 4528 bre·

188 4573 321 4633 rioribus
334 4576 581 4655 longioribusque
595 4581 775 4637 intermixtis
796 4578 904 4636 obsita.
925 4579 1011 4636 Rami
1025 4576 1210 4635 semilineam
1231 4577 1280 4634 vix
1301 4575 1454 4644 distantes,

186 4681 250 4738 sine
262 4677 503 4760 ordine-supe
523 4682 677 4744 secundati
700 4683 748 4743 vel
760 4681 963 4760 irregulariter
975 4682 1168 4742 alterni-ex
1183 4679 1322 4759 geniculo
1338 4697 1458 4760 quoque
