3378 5464
763 305 979 376 -152-

242 454 510 528 subarcuati,abasi
519 452 661 514 crassiore
669 453 883 529 attenuati,per
893 456 988 508 totam
997 445 1174 528 plerumque
1182 445 1402 526 longitudinem
1411 469 1517 514 ramu-

241 560 277 620 lis
291 561 477 642 simplicibus
491 561 565 618 serie
575 557 694 633 singula
705 554 835 614 secunda
848 553 1036 633 patentervel
1047 552 1327 612 subborizontalitcr
1336 556 1517 617 exeuntibus

242 663 366 723 obsessi.
388 664 559 725 Substantia
577 663 711 719 tenacior
731 658 848 736 rigida,
871 659 1069 716 exsiccatione
1088 674 1209 719 cornea.
1231 657 1325 717 Color
1348 676 1385 717 ex
1406 659 1516 721 livido-

242 786 375 829 carneus.
400 771 492 827 Frons
509 763 625 826 cellulis
644 764 718 822 laxis
737 761 915 830 rotundatis,
936 759 1128 850 granulosam
1147 763 1304 820 materiam
1325 763 1410 822 facile
1433 781 1517 824 sece-

241 870 362 930 dentem
378 870 560 943 loventibus,
579 886 681 928 versus
696 863 898 945 peripheriem
911 867 1023 924 sensim
1035 865 1218 933 minoribus,
1233 867 1434 928 constituitur.

270 1023 324 1091 An
335 1020 469 1114 species
477 1042 571 1090 nova
580 1023 645 1090 Gr.
652 1016 762 1087 duroe
768 1011 1149 1108 proxima‚substantia
1160 1013 1279 1083 colore
1287 1025 1322 1082 et
1332 1026 1520 1085 structura

243 1140 469 1226 conveniens,
483 1137 744 1210 ramificatione
768 1135 870 1206 hand
894 1159 1029 1228 parum
1052 1133 1247 1205 abludens.
1264 1134 1377 1206 Frons
1391 1136 1429 1206 iu
1448 1140 1513 1207 Gr.

241 1261 340 1332 dura
355 1261 465 1355 magis
478 1260 892 1354 dichotomodastigiata,
904 1261 1013 1332 ramis
1026 1261 1312 1332 subdivaricatis.
1329 1258 1426 1331 Cum
1441 1262 1521 1354 qui-

243 1381 402 1476 busdam
420 1381 544 1451 formis
559 1377 646 1478 Spb.
661 1378 908 1478 corybrooidis
930 1378 1193 1451 ramificatione
1209 1382 1386 1467 convenit,
1398 1391 1435 1450 at
1452 1405 1519 1451 co·

242 1505 319 1575 lore
346 1514 382 1572 et
403 1499 605 1572 substantia
635 1501 754 1572 statim
776 1500 1025 1596 distiguenda3
1052 1503 1145 1572 rami
1173 1503 1323 1594 insuper
1350 1501 1519 1594 undique

243 1620 375 1716 equali
390 1621 569 1707 crassitie,
584 1622 662 1712 ipsa
682 1622 941 1692 tantummodo
956 1621 1034 1692 basi
1058 1620 1235 1714 apiceque
1247 1620 1380 1691 obtuso
1393 1621 1520 1692 leviter

243 1743 455 1836 angustatis,
465 1764 531 1810 nec
541 1754 582 1812 ut
596 1743 636 1810 in
645 1737 969 1839 Spbssorffervoide
981 1743 1154 1836 utrinque
1165 1741 1273 1836 longe
1287 1742 1519 1831 acuminatis,

244 1861 410 1958 apicibus
425 1863 648 1934 acutissimis.
669 1860 817 1932 Cellulae
841 1866 952 1958 magis
968 1862 1186 1952 rotundatas,
1211 1873 1247 1931 et
1265 1885 1406 1952 omnes,
1421 1844 1520 1954 peri-

244 1984 396 2077 pherico
412 1995 523 2053 strato
535 1997 699 2076 excepto,
714 1984 845 2078 aequali
857 1985 930 2054 lere
946 1982 1209 2078 magnitudine,
1225 2004 1292 2052 nee
1308 1993 1350 2052 ut
1367 1985 1403 2051 in
1434 1977 1518 2076 Spb.

245 2101 477 2201 Conservoide
492 2103 606 2177 lorma
625 2116 679 2176 sat
695 2105 907 2199 irregulares
920 2117 955 2176 et
969 2104 1097 2175 mediae
1110 2103 1274 2197 majores.

249 2277 331 2348 283.
352 2275 415 2348 Gr.
426 2301 551 2372 repens
563 2275 646 2349 nob.
662 2275 746 2374 Spb.
762 2300 888 2375 repens
904 2285 981 2375 Ag.
1001 2302 1054 2374 sp.
1065 2277 1138 2372 Alg.
1152 2304 1189 2373 p.
1205 2275 1286 2365 244.

287 2418 366 2478 llab.
388 2439 425 2480 ex
445 2421 634 2500 profundiori
649 2423 725 2482 mari
744 2423 891 2482 ttieaeensi
911 2441 981 2482 cum
1000 2423 1112 2480 retibus
1133 2431 1297 2483 extractam
1316 2421 1405 2480 dedit.
1420 2423 1514 2482 Amic.

246 2523 343 2582 Rissol

295 2682 435 2752 Fronde
462 2682 733 2775 aliquantulum
758 2684 984 2778 angustiore,
1005 2682 1114 2754 sterili
1135 2693 1171 2751 et
1191 2681 1292 2751 hand
1305 2680 1471 2752 intricata
1499 2706 1520 2751 a

247 2802 506 2898 speciminibus
528 2801 728 2896 Hispanicis
752 2816 896 2874 tantum
924 2803 1047 2874 distat.

249 2971 324 3046 Gr?
344 2970 706 3046 Helmintboclrorton
724 2973 809 3071 Spb.
830 2971 1190 3047 Helmintleocborton
1202 2983 1275 3070 Ag,
1291 2998 1347 3071 sp.
1364 2999 1403 3072 p.
1431 2974 1514 3047 235.

288 3091 368 3177 llab.
384 3115 421 3173 ad
441 3134 507 3174 oras
527 3116 779 3195 Galloprovinciae
797 3117 920 3178 Giraadi
934 3130 964 3178 et
977 3119 1176 3196 Perreymoad
1186 3117 1199 3177 l
1267 3147 1268 3152 ¹

296 3259 420 3334 Planta
442 3263 519 3336 viva
538 3288 559 3332 a
576 3288 635 3334 me
653 3289 728 3335 non
751 3267 821 3338 visa
845 3279 880 3337 et
903 3268 1097 3357 fructibus,
1112 3280 1296 3364 quantum
1316 3268 1411 3354 novi,
1425 3290 1521 3336 nou·

249 3384 342 3456 dum
367 3384 535 3472 detectis,
553 3385 676 3456 locum
698 3387 736 3458 in
766 3383 956 3482 systemate
971 3389 1093 3460 adhue
1119 3389 1299 3459 incertum
1318 3387 1521 3457 existimare

249 3525 368 3597 cogor.
394 3503 530 3575 Habitu
559 3530 645 3576 cum
671 3508 856 3580 nonnullis
882 3506 967 3604 Spb.
990 3511 1113 3580 cornei
1126 3499 1252 3580 formis
1275 3511 1324 3579 ita
1342 3509 1521 3592 convenit,

251 3635 293 3693 ut
304 3624 373 3693 nisi
388 3637 580 3696 structurae
597 3627 813 3715 attenditur,
841 3652 913 3698 nna
937 3651 1005 3722 pro
1027 3629 1136 3699 altera
1152 3630 1270 3722 specio
1286 3626 1388 3697 saeile
1405 3628 1521 3697 sumi-

249 3753 324 3830 tur,
349 3755 385 3813 et
411 3745 528 3815 multa
550 3747 696 3815 nomine
718 3743 801 3841 Spb.
822 3745 1182 3819 Helmintlroclrorton
1205 3747 1385 3820 venditata
1412 3746 1522 3840 speci·

249 3864 349 3934 mina
366 3864 410 3934 ad
425 3863 512 3959 Spa.
526 3888 695 3937 corneum
706 3868 900 3960 pertinent.
