3378 5464
761 427 980 501 -t38-

138 635 144 646 ,
242 575 387 660 secundo,
403 587 510 654 quarto
532 589 692 638 sextove...
719 581 829 658 angulo
857 592 937 644 recto
960 567 1157 660 egredientes,
1188 602 1259 643 mox
1280 583 1504 663 adscendentes,

244 678 298 744 sn
313 677 437 738 lineares
452 681 499 738 rel
515 699 608 758 usque
624 681 791 760 polliceres,
806 687 935 762 majores
957 687 1063 744 eodem
1078 689 1170 746 modo
1183 688 1339 761 ramulosi,
1356 687 1507 748 breviores

241 782 412 859 ramulique
427 795 559 864 patentes
572 789 672 864 potius
684 806 774 864 quam
786 788 993 863 horizontem,
1010 792 1142 868 elongati
1155 793 1383 870 simpliciusculi
1393 793 1509 853 flaccidi

241 885 443 945 subincurvati
459 887 547 966 longe
567 893 708 950 attenuati
731 892 869 970 penicillo
894 893 1015 954 filorum
1032 896 1124 952 denso
1148 898 1308 957 terminali.
1332 899 1457 956 Articuli
1478 901 1509 961 in
1531 921 1533 928 ·

242 985 346 1046 ironde
360 993 499 1069 primaria
521 1003 548 1050 et
568 997 657 1051 narnis
679 995 842 1073 rnajoribus
858 995 896 1055 ob
910 989 1048 1073 genicula
1064 997 1237 1058 obscuriora
1258 1000 1380 1077 quidem
1400 1001 1510 1059 distin-

230 1093 352 1168 'guendi
366 1093 509 1152 diametro
523 1095 709 1174 subaequales
720 1108 748 1156 at
760 1101 939 1158 reticulatim
952 1105 1067 1174 venosi,
1082 1101 1258 1179 siphonibus
1274 1105 1509 1162 transversaliter

240 1197 272 1252 in
284 1195 406 1256 cellulas
418 1197 561 1278 ellipticas
580 1200 750 1275 subdivisis,
773 1206 802 1260 in
821 1203 943 1260 ramulis
966 1190 1153 1279 longioribus
1175 1205 1321 1266 diametro
1340 1207 1509 1284 sesquilon·

231 1301 345 1376 ‚giores
359 1302 488 1379 denique
499 1305 627 1382 aequales
641 1308 658 1368 3
672 1307 786 1379 venosi,
801 1308 945 1380 geniculis
957 1325 1035 1385 saepe
1049 1311 1222 1368 contractis.

292 1421 749 1520 Hujusildetursectionis,
765 1433 849 1503 licet
859 1433 1010 1502 ramulis
1026 1432 1187 1504 flaccidis
1202 1434 1448 1526 elongatisquc
1464 1435 1510 1503 ab

243 1547 320 1617 aliis
333 1551 521 1644 speciebus
531 1552 669 1637 differt3
683 1551 1127 1638 ceternmramifrcatione,
1144 1553 1372 1623 ramulorum
1381 1553 1512 1640 forma,

244 1678 280 1737 et
289 1670 449 1742 articulis
464 1673 537 1742 fere
552 1672 729 1760 obsoletis,
751 1687 904 1768 totoque
918 1677 1047 1748 babitu
1073 1677 1118 1746 ab
1142 1677 1313 1747 orarnibus
1325 1677 1502 1760 distinctu

244 1784 391 1858 facilior.

246 1963 328 2034 255.
342 1963 387 2034 P.
399 1961 496 2036 hirta
509 1993 590 2039 nov.
607 1993 657 2065 sp.
670 1967 732 2040 filo
743 1972 913 2062 primario
923 1973 1099 2055 continuo
1111 1995 1229 2040 crasso
1240 1972 1417 2066 valdeque
1428 1986 1515 2044 alle-

294 2097 408 2155 nuato
432 2088 540 2158 ramis
566 2089 817 2158 conformibus
851 2089 1061 2161 diebotomo
1080 2093 1365 2184 verticalitcrquc
1387 2118 1515 2162 ramu-

294 2204 383 2292 loso,
409 2211 561 2280 ramulis
588 2193 837 2302 superioribus
852 2210 1144 2303 simpliciusculis
1169 2210 1515 2304 elongato-flaccidis

295 2322 398 2418 longe
412 2333 605 2400 attenuatis
623 2329 830 2422 plectentibus
843 2329 1074 2399 inferioribus
1088 2328 1369 2400 furentiscrussis
1392 2332 1514 2424 rigidis

294 2445 576 2542 divergentibus,
603 2449 765 2518 articulis
791 2447 1021 2518 inferioribus
1037 2448 1219 2532 obsoletis,
1244 2474 1436 2519 rarnrsrum
1451 2445 1516 2520 su-

296 2569 429 2658 premis
448 2567 625 2637 ‹liumetro
643 2569 758 2660 duplo
772 2567 1011 2652 brevioribus,
1038 2568 1269 2638 ramulorum
1293 2569 1514 2662 snbaequun-

296 2687 393 2757 tibus
410 2689 606 2772 trivenosis,
627 2689 801 2782 geniculis
813 2687 1023 2780 aequalibus

288 2837 365 2894 llab.
380 2839 410 2895 in
424 2841 497 2896 rasari
511 2839 776 2918 Galloprovineiae‚
791 2836 906 2898 Solier!

287 2963 442 3031 Frons3=lr
451 2965 612 3044 polliceris,
621 2965 735 3023 inferne
746 2968 877 3024 crassitie
888 2984 993 3045 pennae
1003 2969 1162 3044 passerinoe
1174 2967 1378 3043 rigidiuscula,
1389 2986 1517 3046 superne

222 3059 277 3125 'in
291 3055 468 3129 tenultatem
483 3071 654 3150 capillarum
674 3079 824 3128 attenuata
839 3079 869 3126 et
890 3067 1080 3142 subflacclda,
1096 3068 1207 3148 pluries
1228 3067 1411 3140 dichotoma,
1428 3069 1517 3128 ramis

247 3173 418 3250 patentibus
442 3176 668 3247 conformibus,
696 3185 724 3231 et
754 3193 807 3253 per
834 3182 926 3231 totam
950 3174 1172 3250 longitudinem
1200 3174 1363 3235 ramulosa.
1397 3173 1518 3233 Ranruli

247 3384 381 3459 periotes
396 3384 492 3448 multo
508 3387 657 3444 tenuiores
671 3385 738 3463 plus
755 3385 853 3440 urinus
868 3382 998 3458 elongati
1014 3391 1043 3438 et
1056 3381 1156 3438 indea
1173 3379 1236 3438 basi
1251 3381 1355 3438 latiore
1371 3383 1517 3440 attenuati

249 3488 437 3559 subilaccidi,
454 3490 631 3549 verticaliter
645 3497 799 3559 exeuntes,
816 3485 950 3566 apicibus
965 3483 1211 3546 adscendentibus
1229 3485 1448 3564 pinicilligeris.
1461 3488 1518 3544 Ar·

249 3592 336 3651 ticuli
359 3592 418 3650 lere
433 3610 536 3652 omnes
551 3592 658 3670 aequali
673 3590 872 3668 longitudine,
889 3589 968 3648 unde
989 3592 1021 3648 in
1042 3588 1250 3662 crassioribus,
1266 3599 1298 3646 ut
1313 3587 1517 3664 distinguendi

251 3706 330 3766 sunt,
349 3695 495 3752 diametra
513 3695 608 3752 inulto
625 3694 775 3750 inaniores
791 3703 933 3770 apparent
948 3704 976 3752 ct
1000 3696 1030 3752 in
1047 3695 1185 3752 tenuiore
1208 3703 1291 3772 parte
1307 3691 1433 3750 dimidio
1448 3691 1518 3748 bre-

252 3799 366 3868 siorcs;
383 3801 412 3855 in
430 3797 611 3856 tenuissimis
628 3797 751 3854 ramulis
769 3797 948 3854 diametrum
964 3795 1184 3876 subaequantcs,
1201 3771 1324 3874 plurimi
1339 3795 1519 3852 reticulatim

253 3905 369 3975 venosi,
387 3903 500 3962 ultimis
513 3901 652 3982 siphones
670 3903 685 3960 3
704 3901 858 3958 distinctos
871 3911 1080 3959 monstrantes.
1097 3900 1271 3958 Keramidia
1285 3879 1373 3977 supra
1385 3897 1520 3956 medium

252 4009 437 4068 ramulorum
455 4011 566 4069 sessilis
583 4020 611 4067 ot
626 4010 803 4089 plerumque
820 4007 949 4084 singula,
966 4007 1059 4063 rarius
1074 4007 1105 4062 in
1120 4003 1244 4082 singulis
1259 4005 1348 4060 ramis
1365 4003 1445 4062 bina.

302 4139 337 4210 Si
351 4143 515 4210 deessent
524 4139 658 4210 ranmli
668 4138 854 4208 inferiores
866 4133 1054 4226 prosor'ma
1067 4139 1109 4203 P.
1122 4130 1318 4228 elongatae
1330 4129 1522 4201 lorsanha-

251 4263 412 4347 beretur,
425 4259 552 4352 majori
564 4272 687 4330 autem
708 4257 790 4348 jure
809 4255 896 4329 huic
917 4256 1066 4324 sectioni
1080 4253 1355 4324 adnumeratur.
1370 4251 1468 4324 Cum
1479 4255 1521 4322 P.

243 4380 506 4478 faeniculaceu
516 4379 757 4453 continuitate
768 4376 841 4446 lere
850 4376 961 4446 totius
971 4373 1108 4446 frondis
1119 4374 1299 4460 convenit,
1314 4373 1445 4443 habitu
1457 4394 1522 4441 au-

255 4515 329 4572 tem
346 4502 584 4574 diversissimo
598 4502 718 4572 statim
734 4495 991 4590 dignoscenda.

257 4673 339 4750 256.
352 4681 396 4748 P.
402 4673 592 4773 fibrillosa
603 4675 669 4772 Ag.
689 4695 744 4770 sp.
756 4696 793 4769 p.
809 4671 865 4768 78.
877 4667 1118 4764 filoprimario
1130 4691 1215 4764 rege
1226 4667 1519 4751 sabdichotomo‚
