3378 5464
813 383 864 402 ·-
890 344 959 416 ll2
981 384 1032 400 -

458 575 488 602 *⁴
513 571 628 646 Caute
638 561 826 665 continuo,
841 543 1015 646 ramentis
1024 573 1233 646 articulatis
1247 567 1372 646 obsito,

285 801 364 872 208.
378 797 437 872 Cb.
454 797 719 872 mediterranea
731 822 810 874 noo.
823 823 876 898 sp.
893 803 1023 872 lronde
1033 803 1171 877 inferne
1187 802 1409 874 nudiuscula
1422 801 1552 873 dicho-

331 933 447 1006 toma,
466 919 641 993 fasciculo
655 944 839 992 ramorum
850 922 951 1015 apice
964 920 1093 1008 obsita,
1105 923 1215 992 ramis
1232 921 1405 1016 elongatis
1419 923 1554 992 articu-

330 1042 627 1113 lato-constrictis
647 1066 770 1116 versus
785 1046 926 1136 apicem
942 1043 1047 1136 louge
1073 1044 1268 1112 attenuatis
1293 1041 1340 1112 ad
1368 1044 1553 1112 stricturas
1615 1077 1618 1084 ·

330 1163 512 1234 verticillis
529 1163 759 1235 ramulorum
775 1141 923 1249 ornatis,
946 1162 1097 1234 ramulis
1117 1157 1312 1232 lancoideis
1336 1161 1549 1256 fructigcris,

329 1279 534 1368 keramidiis
560 1284 742 1377 sphaericis
755 1284 939 1379 pellucido
960 1282 1076 1355 limbo
1089 1283 1226 1354 cinctis.
1251 1340 1253 1348 ,

323 1435 400 1493 Hab.
425 1435 461 1493 ad
482 1434 640 1512 conchylia
664 1448 694 1494 et
714 1454 782 1495 saxa
806 1437 960 1515 utriusque
972 1434 1077 1506 maris;
1101 1435 1133 1491 in
1155 1431 1307 1493 Adriatico
1323 1431 1361 1491 ad
1375 1433 1554 1508 Tergestum

281 1537 463 1609 Blasoletl03
483 1537 518 1596 ad
532 1537 605 1597 Lido
618 1539 814 1598 Venellorum
827 1550 856 1597 et
867 1542 897 1598 in
911 1539 1128 1599 Mediterraneo
1139 1537 1175 1595 ad
1189 1537 1350 1596 Massiliam
1361 1537 1432 1614 legi.

319 1659 444 1744 'Caespes
459 1664 629 1744 lpollicaris
641 1665 846 1739 densissimus,
864 1685 967 1725 recens
981 1684 1017 1724 ex
1028 1665 1161 1723 olivaceo
1175 1675 1203 1721 et
1215 1681 1367 1744 purpureo
1380 1663 1551 1722 iridesoens.

283 1767 416 1827 Frondes
432 1767 495 1826 basi
511 1768 717 1846 nudiuscolae,
731 1770 815 1828 caule
840 1770 1026 1830 inarticulato
1050 1759 1295 1849 plerumque'rix
1319 1767 1531 1846 semipollicari
1541 1809 1551 1840 ‚

282 1874 377 1930 rarius
406 1871 541 1952 pollicari
570 1871 763 1945 dichotomo‚
795 1875 878 1952 apice
904 1873 1080 1932 fasciculum
1108 1889 1262 1930 ramorum
1298 1880 1431 1948 gerente.
1466 1869 1554 1928 Rami

284 1972 542 2058 Mllpollicares,
563 1977 677 2038 inlorne
699 1977 784 2052 nudi,
799 1977 877 2036 iufra
893 1977 1028 2036 medium
1047 1987 1075 2034 ct
1093 1976 1129 2035 ad
1147 1967 1369 2057 ‘apicem‘usque
1381 1973 1554 2034 articulato-

282 2063 452 2153 conslricti,
480 2081 664 2159 ramaliaque
686 2081 869 2141 verticillatis
892 2073 1000 2155 obsiti,
1028 2084 1112 2160 apice
1131 2079 1222 2157 longe
1247 2091 1411 2140 attenuato.
1434 2080 1554 2140 Romuli

284 2182 481 2248 1·3-liueares
503 2183 662 2250 lancoidei,
687 2162 815 2264 majores
842 2185 1000 2257 articulati,
1023 2185 1243 2264 splraerosporas
1266 2195 1294 2242 et
1316 2182 1480 2242 keramidia
1511 2181 1553 2262 (in

282 2286 407 2345 dirersis
432 2287 612 2368 individuis)
634 2299 781 2365 gerentes.
804 2288 977 2347 Keramidio
999 2286 1142 2366 sphaerica
1163 2298 1243 2345 extro
1270 2286 1407 2344 srondcm
1430 2274 1560 2344 omnino¹

220 2427 221 2431 =
281 2393 498 2471 prominentia,
518 2393 671 2470 pellucido
683 2393 776 2452 limbo
793 2393 1002 2470 angustissimo
1022 2385 1129 2463 cincta,
1150 2369 1412 2470 sporasobovatas
1430 2377 1563 2470 capla-¹

282 2505 368 2555 centa
386 2496 480 2558 basoli
493 2497 679 2574 egredientes
693 2498 834 2559 foventia.
848 2494 985 2577 Simplici
997 2493 1173 2554 cellularum
1186 2504 1275 2551 strato
1294 2495 1374 2551 lrons
1385 2481 1555 2553 constructa

282 2604 410 2678 ridetur,
436 2613 527 2664 strato
545 2605 693 2665 exteriore
707 2607 910 2664 inconstructo
940 2610 984 2659 sat
1008 2597 1394 2678 augustobiaphragmata
1420 2597 1553 2672 cellulis,

282 2706 395 2767 frondis
415 2709 573 2792 similibus,
591 2711 760 2769 constituta.
1294 2709 1298 2722 ’

333 2908 398 2982 Cb.
425 2910 525 2982 ovali
551 2913 625 2984 sine
650 2912 765 2983 dubio
798 2910 1001 3006 proximam
1023 2917 1065 2978 'et
1088 2909 1257 3002 plurimis
1280 2907 1554 2978 convenientem

283 3042 445 3101 attamen
461 3031 670 3102 distinctam
687 3030 892 3102 existimavi.
908 3028 1015 3099 Color
1028 3031 1181 3098 recentis
1194 3026 1374 3113 diversus,
1386 3028 1423 3094 in
1441 3027 1557 3098 medi·

284 3158 445 3220 terranea
471 3174 563 3242 saepe
587 3150 791 3220 iridescens.
821 3145 1033 3222 Substantia
1048 3147 1190 3220 firmior
1215 3162 1251 3219 ct
1275 3151 1388 3241 magis
1411 3147 1557 3218 cartila-

281 3269 404 3362 ginea3
434 3268 534 3340 lrons
552 3269 859 3363 miuusclongata,
877 3273 991 3366 magis
1013 3247 1197 3362 caespitosa
1210 3291 1364 3343 ramosa.
1383 3268 1499 3337 Rami·
1512 3290 1555 3336 ex

282 3386 383 3477 apice
407 3387 522 3458 caulis
549 3389 623 3460 fere
648 3388 887 3460 fasciculatim
912 3390 1145 3484 egredientes,
1176 3411 1289 3481 quam
1315 3389 1353 3457 in
1373 3383 1435 3456 Cb.
1458 3385 1558 3458 oval‘

282 3502 473 3596 longiores,
491 3530 614 3576 versus
639 3508 780 3602 apicem
795 3509 1008 3601 acuminati,
1022 3509 1225 3597 evidentius
1238 3520 1280 3596 et,
1291 3509 1421 3600 saepius
1446 3529 1554 3578 cons-

284 3621 396 3712 tricti,
416 3623 567 3694 ramulis
580 3626 701 3695 densis
712 3626 940 3698 verticillatis.
955 3627 1209 3729 Hocrespectu
1219 3627 1319 3698 velut
1332 3629 1450 3719 colore
1466 3650 1554 3698 cum

282 3735 341 3809 Clo.
364 3745 514 3836 capensi
526 3745 714 3834 convenit3
730 3745 808 3816 haec
825 3759 946 3818 autem
965 3760 1149 3819 structura
1164 3761 1201 3818 ct
1220 3747 1347 3816 fronde
1364 3747 1482 3818 multo
1497 3771 1555 3817 ro-

281 3859 444 3932 bustiore
457 3863 594 3936 differt.
675 3863 678 3870 ’
1184 3869 1187 3876 ’
1222 3853 1226 3860 ’
1284 3857 1288 3864 ’

489 4113 578 4162 cvx1.
606 4091 806 4163 lllunsucm
829 4047 933 4167 Gneo.
952 4094 1042 4192 Arg.
1069 4097 1172 4166 Brito.
1190 4123 1226 4192 p.
1260 4098 1334 4166 108.

381 4297 394 4332 ⁴*
422 4293 578 4368 Cellulis
591 4295 814 4370 centralibus
833 4305 1005 4372 maximas
1019 4302 1098 4390 4-5,
1119 4305 1217 4372 circa
1234 4301 1371 4374 exilem
1383 4307 1554 4390 minorem

332 4413 507 4488 radiatim
525 4415 715 4515 dispositis.
1298 4407 1301 4416 ’
1399 4407 1424 4433 “’

285 4601 367 4674 209.
386 4587 427 4654 L.
441 4580 611 4676 stn'olota
623 4585 702 4682 Ag.
725 4535 840 4684 Ausa
858 4589 985 4660 froude
1001 4593 1184 4690 caespitosa
1199 4591 1349 4664 ssac'cida
1364 4593 1558 4688 subgelati·
