3378 5464
652 399 700 416 -
730 360 797 468 roa
822 400 871 412 -

467 697 567 748 nxv.
593 671 838 745 carrorum
857 677 961 755 Grev.
980 673 1046 770 res.
1149 735 1152 742 ,

171 924 285 994 Frons
300 919 483 1004 tubulosa‚
500 920 570 992 iilis
584 923 815 1016 sparsissimis
827 944 997 1016 percursa
1008 933 1045 990 ct
1057 919 1394 1014 diaphragmatibus

121 1041 301 1114 cellulosis
327 1042 471 1127 divisa,
503 1041 639 1113 cellulis
670 1041 908 1135 periphericis
935 1040 1168 1134 sub-duplici
1196 1041 1284 1110 serie
1321 1039 1396 1110 dis-

120 1163 273 1258 positis,
312 1157 522 1246 constituta.
564 1161 716 1232 Fructus
753 1161 889 1252 duplex
908 1187 934 1229 .:
971 1158 1189 1232 Keramidia
1219 1160 1395 1254 sphaerica

120 1295 186 1354 aut
212 1296 316 1354 ovata
343 1281 534 1379 (denique)
558 1295 726 1376 pertusa,
741 1303 867 1373 sporas
892 1293 1063 1352 cuneatas
1083 1281 1238 1374 simplici
1263 1281 1394 1381 serica

123 1403 284 1497 placenta
298 1403 447 1474 centrali
461 1403 658 1487 radiantes,
681 1403 776 1472 intra
790 1400 1227 1474 reticulumlaxissimum
1246 1399 1395 1472 filorum

120 1522 419 1616 rectangulariter
452 1524 826 1609 anastomosantium‚
860 1521 1026 1592 foventia.
1062 1517 1334 1618 Sphaemsporoe
1356 1522 1394 1592 in

121 1646 258 1730 cellulis
285 1646 665 1741 inira-cpidermaticis
689 1643 922 1716 ramulorum
947 1639 1156 1712 nidulantes
1185 1642 1392 1736 sphaericae3

121 1766 280 1859 denique
306 1789 430 1860 spores
456 1763 498 1852 A,
530 1765 744 1859 triangulari
766 1763 939 1833 divisione
963 1774 1090 1846 nates,
1114 1761 1208 1834 intra
1230 1763 1394 1856 perispo-

121 1889 218 1958 rium
235 1888 473 1958 continentes.
491 1885 638 1980 -Algae
662 1883 897 1981 cylindraceae
921 1881 1290 1972 celluloso-tubulosae
1314 1882 1396 1952 arti·

122 2005 488 2093 colato-constrictae,
513 2004 737 2078 autinferne
763 1999 1001 2072 caulescentes
1024 2001 1175 2072 romulis
1198 2001 1396 2074 articulatis

123 2128 299 2218 pinnato,
326 2125 374 2196 ob
390 2137 545 2196 stratum
566 2137 756 2195 externum
773 2121 1067 2192 inconstructum
1091 2120 1398 2215 gelatinoso-hya-

122 2243 242 2315 linum
263 2267 357 2337 saepe
383 2240 624 2330 sublubrieae,
646 2264 836 2336 purpureo
856 2239 911 2310 vel
926 2263 1038 2311 aureo
1056 2241 1211 2324 nitentes
1228 2241 1398 2334 quando·

124 2364 276 2457 quidem
290 2363 604 2436 subiridesce'ntes.
909 2343 915 2350 ’

173 2482 297 2556 Genus
313 2484 421 2578 quale
435 2487 508 2570 suit
523 2510 543 2554 a
560 2483 715 2554 Grerille
740 2480 986 2552 constitutum
1008 2477 1284 2573 aliquantulum
1309 2505 1397 2552 mu-

124 2583 200 2670 tare
216 2598 350 2670 debere
375 2599 524 2672 credidi.
541 2598 793 2670 Differentiam
821 2602 965 2671 fructus
982 2601 1129 2671 existere
1152 2599 1224 2694 jam
1254 2603 1396 2674 monuit

125 2719 319 2813 Algologus
357 2720 602 2805 acutissimus,
634 2719 844 2790 Keramidia
873 2722 910 2790 in
944 2717 1009 2792 Clz.
1032 2719 1227 2792 clavellosa
1254 2735 1290 2792 et
1328 2719 1393 2793 Ch.

124 2838 327 2914 articulata
343 2853 524 2933 esse'poro
555 2853 714 2932 pertusa,
737 2841 774 2910 in
792 2837 855 2910 Clz.
884 2839 1043 2936 parvula
1059 2853 1095 2910 et
1118 2839 1180 2912 Cls.
1197 2837 1399 2936 Kaltfisrmi

124 2985 210 3032 vero
224 2960 357 3032 clausa.
368 2957 478 3044 Quod
494 2959 623 3029 attinet
638 2955 702 3030 Ch.
714 2958 920 3054 parvulam,
932 2983 1066 3052 porum
1077 2960 1236 3052 denique
1247 2962 1395 3030 existere

127 3081 315 3152 convictus
356 3102 448 3150 sum.
463 3078 582 3149 humo
606 3079 823 3163 reticulum,
851 3080 951 3172 quod
975 3080 1167 3150 obovatam
1191 3081 1395 3173 congeriem

126 3222 321 3293 sporarum
333 3198 456 3292 cingit,
468 3222 535 3290 per
542 3210 683 3290 partem
695 3199 919 3290 superiorem
928 3197 1228 3270 Keramidii‘ovati
1243 3201 1279 3268 in
1291 3219 1398 3268 cana-

125 3313 197 3386 lem
209 3313 411 3406 producict
424 3313 462 3382 iu
480 3314 567 3406 ipso
581 3325 729 3406 pertuso
748 3314 850 3406 apice
877 3315 1074 3398 terminari,
1092 3313 1212 3382 videre
1236 3314 1394 3398 credidi;

128 3434 231 3504 unde.
259 3434 393 3502 canalis
422 3429 559 3526 elapsui
598 3454 790 3525 sporarum
817 3433 1011 3504 inserviens
1043 3432 1144 3504 haud
1173 3431 1396 3506 infitiendus.

128 3553 318 3656 Specimen
339 3553 600 3646 capsulilernm
626 3551 692 3624 Cle.
711 3553 914 3652 lalp‘onm's
934 3582 1005 3627 non
1030 3557 1076 3628 ad
1102 3582 1233 3628 manus
1263 3558 1397 3628 habere

127 3674 249 3760 doleo,
269 3674 330 3743 sed
348 3675 488 3765 apicem
507 3675 665 3766 capsulae
680 3659 841 3769 donique
867 3678 1023 3772 produci
1042 3692 1078 3748 et
1101 3691 1297 3776 pertusum¹
1322 3701 1396 3748 csse

128 3795 280 3864 asseruit
305 3793 459 3878 Tumor,
481 3776 581 3883 quod
607 3794 645 3862 in
669 3787 927 3893 Chrysymenla
959 3797 1142 3868 aciculari
1166 3799 1273 3867 etiam
1302 3796 1393 3882 lieri,

129 3917 276 4008 propria
291 3912 539 3983 observatione
557 3913 708 3983 edoctus
731 3939 827 3987 sum.
852 3916 1068 3989 Differentiae
1091 3918 1215 4010 itaque
1239 3918 1397 4009 capsulae

130 4037 322 4127 perforatae
331 4033 386 4104 vel
402 4019 491 4126 poro
507 4031 686 4104 destitutae
700 4035 799 4106 haud
826 4039 937 4106 nimia
953 4037 1146 4108 tribuenda
1170 4049 1223 4107 est
1236 4039 1299 4125 vis,
1312 4038 1348 4108 h.
1364 4061 1395 4107 e.

129 4134 280 4248 porum,
295 4153 414 4222 saltim
429 4155 465 4222 in
481 4152 525 4222 ad
533 4153 660 4224 ultiore
673 4168 794 4241 aetate,
817 4160 853 4226 in
874 4155 1045 4228 oiarnibus
1058 4156 1214 4250 capsulis
1233 4159 1398 4250 placenta

130 4273 279 4344 centrali
305 4275 489 4344 instructis
517 4273 638 4344 adesse
652 4272 722 4345 lere
737 4278 925 4348 convictus
940 4301 1034 4347 sum.
1051 4276 1195 4369 Maioris
1218 4279 1396 4346 momenti

129 4407 254 4464 autem
268 4393 471 4484 differentia
495 4416 699 4487 sporarum,
720 4419 832 4490 quam
857 4397 1057 4492 indigitavit
1077 4397 1211 4491 Anglus
1237 4397 1398 4467 celeber-

130 4514 262 4601 rimus,
278 4537 353 4585 esse
371 4512 467 4584 mihi
479 4512 633 4598 videtur,
657 4527 693 4584 et
717 4539 846 4610 genere
868 4515 1139 4614 Chrysymenioe
1171 4528 1394 4602 constructo,

133 4636 268 4728 species
287 4633 464 4728 quasdam
481 4657 567 4706 cum
589 4634 660 4706 hoc
680 4638 833 4707 omnino
856 4639 1138 4714 convenientesa
1154 4634 1398 4734 Ckylocladia
