3378 5464
292 541 592 638 membranorum
618 546 668 628 ua
696 545 863 635 formata,
881 562 923 624 ut
946 551 1273 644 eternoacum,
1286 565 1323 628 et
1344 553 1490 636 inferior
1516 569 1559 638 ut

278 663 530 757 'ligamentum
552 665 752 755 internum,
771 669 928 762 simplici
952 671 1165 742 cellularum
1192 675 1280 743 serie
1305 676 1559 763 coustitutum,

291 783 396 866 basin
415 781 656 878 hemispherae
668 787 791 870 efficit.
813 786 867 858 Ad
881 791 1045 861 medium
1060 794 1160 876 strati
1183 794 1359 880 inferioris
1373 793 1509 872 cellulae
1518 795 1561 864 'in

292 903 498 1011 placentam
522 908 828 1000 agglomerantur,
857 933 938 1004 quae
963 896 1327 1018 ipsumiiavellidium
1342 915 1449 1006 gerit.
1476 913 1563 984 Glo-

292 1024 457 1096 merulus
473 1050 666 1118 sperarum
690 1030 832 1100 sacculo
857 1030 1002 1126 hyalino
1024 1033 1188 1133 proxime
1212 1031 1355 1125 tegitur,
1376 1029 1560 1101 filis-inter

292 1145 396 1217 basin
415 1159 454 1216 et
472 1149 724 1252 membranam
746 1149 934 1222 externam
959 1152 1153 1243 pericarpii
1176 1154 1329 1221 extensis
1353 1151 1562 1223 stellulntim

292 1271 649 1348 anastompsantibus
674 1274 829 1366 insuper
853 1274 1013 1344 vestitus.
1036 1271 1078 1342 ln
1112 1273 1218 1363 plexu
1253 1273 1388 1344 horum
1413 1271 1561 1343 filorum

292 1412 405 1480 sperae
428 1391 574 1460 formari
601 1393 780 1477 videntur,
808 1394 1167 1478 minutissimaesunt‚
1185 1394 1257 1463 fere
1271 1405 1382 1462 ovatae
1404 1407 1440 1462 et
1463 1406 1561 1462 arcte

292 1509 579 1601 conglomeratae.
592 1553 642 1568 -
655 1511 785 1598 Quoad
802 1515 980 1582 internam
992 1513 1136 1584 sructus
1151 1527 1373 1584 structuram
1392 1515 1563 1605 aspecie-

291 1625 362 1720 bus
382 1615 496 1702 allatis
514 1635 568 1702 vix
593 1633 727 1703 recedit
741 1631 822 1704 Clu.
849 1633 1061 1724 oriculario,
1085 1634 1146 1703 sed
1161 1635 1279 1702 forma
1298 1647 1441 1703 externa
1467 1635 1563 1726 peri-

289 1731 562 1844 carpiidiversa,
573 1756 676 1824 initio
690 1779 822 1847 nempe
834 1747 1080 1847 subsphaerice
1092 1756 1244 1826 demum
1265 1741 1369 1848 apice
1383 1753 1564 1848 producto

292 1871 554 1948 suburceolata.
575 1871 675 1944 ldem
705 1875 865 1967 denique
891 1876 936 1945 de
958 1873 1059 1971 chyl.
1093 1873 1289 1946 clavellnsa
1320 1875 1423 1945 Grec.
1450 1871 1565 1957 ualere
1684 1877 1685 1880 ’

292 1993 449 2080 videtur,
468 1995 567 2064 unde
584 1995 680 2086 hanc
694 1995 849 2087 speciem
864 1998 983 2086 generi
1001 2006 1124 2064 nostro
1143 2019 1298 2091 qunque
1309 1995 1560 2079 adnumerari,

293 2113 375 2184 licet
404 2115 567 2212 obstante
592 2128 735 2191 externa
758 2117 874 2186 forma
898 2116 1100 2217 pericarpii.
1123 2122 1243 2186 Genus
1261 2117 1309 2184 ita
1330 2116 1565 2184 lormatuma

295 2229 538 2331 chytoeladm
563 2233 705 2306 differre
723 2235 1021 2306 videtur‘fron'de
1049 2227 1235 2320 tubulosa,
1268 2260 1334 2304 nec
1359 2234 1569 2304 articulato-

202 2341 210 2356 ’
294 2356 503 2442 constricta,
528 2357 643 2448 sporis
658 2355 911 2427 minutissimis
927 2358 1020 2425 inter
1047 2353 1107 2426 iila
1120 2345 1372 2448 agglomeratis
1388 2353 1470 2449 (nec
1492 2356 1568 2426 siu·
1684 2391 1685 2400 2

293 2473 378 2566 gula
402 2475 490 2545 serie
514 2501 533 2544 a
555 2475 718 2570 placenta
741 2475 967 2546 radiantibus
992 2473 1364 2570 cuneato-augula'tis)
1388 2489 1424 2544 et
1448 2476 1567 2574 forma

293 2617 335 2664 ac
345 2594 578 2688 dispositione
592 2593 739 2666 filorum
755 2619 839 2688 quae
852 2619 1042 2688 sperarum
1055 2595 1301 2690 glomerulum
1315 2594 1562 2671 circumdant.

355 2868 356 2878 χ
450 2790 467 2826 *
486 2789 703 2862 Favellidiis
715 2795 817 2878 intra
832 2795 1074 2891 pericarpium
1091 2790 1414 2890 hemisphaericum.

299 2989 377 3083 198.
395 2985 479 3058 Chr.
503 2991 710 3059 vectricem
727 2983 807 3058 not.
828 2967 916 3060 Hal.
937 2991 1152 3058 ventricosa.
1172 2987 1245 3084 Ag.
1260 2992 1320 3084 sp„
1326 3013 1362 3083 p.
1389 3010 1469 3056 212.

297 3191 300 3202 ,
336 3130 415 3190 Hab.
435 3150 451 3196 e
468 3131 658 3210 profundiori
677 3134 752 3192 mari
774 3129 952 3210 plerumque
972 3136 1113 3212 rejectam
1132 3156 1148 3193 a
1168 3134 1297 3196 Massilia
1315 3133 1455 3191 Pozzuoli
1474 3151 1570 3211 usque
1684 3189 1685 3210 χ

296 3229 392 3298 calam
406 3239 483 3316 legi3
498 3242 530 3296 in
545 3215 696 3298 Adrialico
711 3240 866 3298 Bicsoletto
877 3239 888 3298 l

301 3389 379 3458 199.
409 3361 492 3436 Chr.
510 3364 711 3460 pinnulam
725 3364 809 3437 nob.
822 3366 913 3438 Hal.
927 3311 1129 3476 pinnulam
1142 3361 1219 3462 Ag.
1237 3361 1350 3460 Aufz.
1371 3367 1420 3434 H.
1437 3361 1571 3460 Algie·

343 3487 472 3554 riensis
498 3491 616 3554 Mont.
639 3491 695 3554 Cr.
712 3485 853 3582 Algier.
871 3511 907 3554 n.
922 3487 980 3588 48.
994 3485 1045 3582 pl.
1063 3509 1096 3580 9.
1105 3483 1138 3579 f.
1168 3511 1199 3555 2.
1684 3493 1685 3496 ’

335 3624 412 3684 llab.
427 3628 457 3682 in
472 3635 601 3702 utroque
616 3629 690 3684 mari
705 3628 820 3704 species
837 3625 959 3685 rariori

297 3807 377 3854 aon.
393 3781 471 3863 chr.
502 3787 632 3860 moria
656 3780 736 3856 nob.
765 3781 955 3864 Chondria
979 3790 1109 3868 uraria
1133 3785 1208 3882 Ag.
1235 3809 1287 3881 sp.
1307 3811 1343 3881 p.
1359 3785 1444 3878 δῄῳ

337 3933 414 3992 llab.
434 3937 512 3992 inter
528 3923 669 4012 spongias
683 3945 711 3993 et
724 3935 871 4014 zoopbyta
882 3939 912 3994 in
925 3927 1063 3996 cavernis
1073 3936 1296 3996 obscurioribus
1310 3935 1386 3993 etad
1400 3953 1467 3994 saxa
1480 3935 1571 3992 maris

299 4035 506 4116 profundioris
523 4039 734 4100 Mediterranei
751 4051 838 4116 atque
854 4043 995 4102 Adriatici
1012 4041 1199 4119 frequentem

347 4171 500 4240 Fructus
518 4173 673 4255 'rariores
699 4176 735 4242 in
755 4173 847 4244 loliis
873 4177 1121 4269 superioribus
1147 4176 1353 4270 speciminis
1377 4175 1498 4267 magni
1515 4175 1570 4243 in·

296 4314 390 4362 vem.
911 4308 914 4317 '
1150 4303 1152 4308 '

345 4503 376 4570 *Ἴ
399 4496 616 4572 Facellidr'is
630 4503 986 4598 intrafpericarpium
997 4499 1283 4598 subsplraericum
1300 4499 1457 4600 denique
1467 4502 1573 4594 apice

276 4616 471 4714 producto
493 4617 729 4692 urcmlatum.
