3386 5468
810 427 980 500 ..4-

262 581 473 665 huiuscene
493 588 531 647 ct
549 576 705 669 simplici
718 576 906 672 morphosi
927 577 1169 674 chloropbylli
1192 583 1373 655 oriuntur.
1386 583 1528 680 Organa

260 695 557 798 fructificationis
575 696 612 765 in
633 717 743 790 νοςηο
763 695 1243 791 vegetabili'stmpttcisstma,
1264 704 1416 776 vesicula
1441 707 1529 778 sim·

258 818 382 914 plicia
395 815 557 910 ¹granula
594 814 828 907 includente,
866 829 1033 889 'constare
1065 817 1246 890 videntur.
1281 819 1464 916 Sporidia'
1481 825 1528 896 ad

257 937 411 1032 parietes
439 933 652 1007 cellularum
678 935 783 1006 initio
806 933 909 1006 affixa
934 948 1021 1008 sunt
1035 933 1244 1042 .(-iorsau
1276 938 1378 1013 libris
1408 965 1528 1014 mem-

256 1057 409 1127 branam
443 1047 753 1126 constituentibus
785 1054 1025 1142 adhaerentia,
1057 1056 1161 1151 quasi
1196 1079 1313 1152 sperae
1344 1063 1418 1132 suis
1439 1063 1529 1158 -pla'-

255 1173 450 1272 centis-),
464 1177 598 1256 xiornrae
614 1172 819 1269 irregularis
835 1187 1024 1269 apparent,
1042 1199 1136 1271 saepe
1152 1174 1317 1272 oblongae
1337 1190 1373 1251 ct
1389 1195 1529 1274 puncto

254 1293 398 1392 singulo
425 1309 491 1368 aut
520 1293 689 1390 pluribus
719 1306 853 1388 notatae
875 1293 937 1390 (in
967 1293 1294 1394 Bry·opside)-an
1323 1299 1455 1372 nucleo
1478 1304 1529 1372 sic
1597 1301 1605 1310 '

254 1415 523 1503 dictocellulae,
543 1415 597 1488 vel
614 1416 737 1510 potius
754 1415 833 1487 basi
858 1416 1083 1510 perlucente,
1107 1438 1181 1511 quo
1206 1421 1283 1514 ipsa
1302 1415 1404 1490 fibris
1425 1419 1528 1493 affix'a

253 1539 416 1623 sinti-3
430 1537 548 1609 donco
570 1537 702 1608 sensim
723 1559 832 1608 succo
850 1534 1066 1609 cellularum
1090 1538 1229 1610 nutrita
1248 1551 1391 1612 matura
1415 1537 1525 1627 liunt,

253 1657 572 1732 certamiormam
594 1657 776 1746 induunt,
803 1667 945 1728 oratam
974 1653 1390 1752 aut-sub'pyriformem‚
1417 1658 1528 1732 libera

252 1777 432 1867 eradunt,
470 1789 507 1848 et
530 1776 692 1870 denique
721 1789 826 1848 motu
851 1777 1074 1848 vivacissimo
1102 1777 1297 1865 instructa,
1316 1767 1528 1871 aperturam

252 1895 599 1985 mamillaelormem,
627 1895 722 1967 inter
750 1895 864 1968 libras
883 1894 1111 1967 membranae
1140 1906 1280 1985 ortam,
1308 1899 1347 1969 in
1379 1922 1528 1993 quaque

251 2013 381 2086 cellula
393 2013 572 2109 singulam
582 2013 647 2111 (-
658 2041 705 2087 an
717 2013 885 2110 semper?
895 2013 956 2114 -)
970 2025 1156 2110 quaerunt,
1170 2027 1206 2086 et
1217 2038 1283 2109 per
1297 2017 1393 2088 hanc
1407 2041 1529 2090 erum·

249 2122 384 2228 pentia,
402 2133 441 2204 in
457 2155 555 2228 aqua
579 2133 831 2205 circumdante
845 2135 958 2206 libera
977 2137 1152 2224 natantia,
1169 2135 1216 2206 ad
1238 2147 1381 2208 certum
1402 2137 1525 2210 locum

250 2253 451 2324 evolutioni
467 2266 597 2348 aptum
614 2255 747 2324 sensim
762 2266 1011 2348 aggregantur.
1033 2255 1136 2327 Motu
1146 2258 1351 2342 ¹inchoante
1365 2257 1526 2353 spuridia

249 2385 558 2467 rostro‚semper
589 2379 792 2468 praecunte,
818 2373 1117 2445 instruuntur-
1144 2397 1191 2446 an
1229 2379 1335 2447 rostri
1360 2376 1460 2469 origo
1489 2377 1525 2446 in

117 2489 118 2494 ’
249 2493 400 2588 punctis
412 2491 655 2588 &anulorum
674 2491 884 2564 membrana
898 2491 1164 2564 adhaerentium
1178 2493 1375 2588 quaerenda
1392 2495 1526 2574 siti-‚

249 2615 353 2711 quod
383 2625 504 2686 motux
526 2624 759 2686 evanescente
795 2612 954 2706 denique
983 2609 1083 2682 radix
1114 2603 1273 2706 spuridiis
1292 2613 1526 2706 germinantis

248 2733 380 2806 eradit.
399 2730 543 2802 --Hoc
569 2731 682 2804 modo
707 2731 867 2824 spuridia
900 2731 1198 2828 numerosissima
1228 2731 1266 2800 in
1299 2741 1525 2825 unaquaque

250 2849 380 2926 cellula
394 2852 570 2924 contineri
585 2851 707 2946 palam
720 2852 1025 2923 est-Fructum
1041 2849 1290 2944 spuridiorum
1308 2851 1345 2920 in
1358 2856 1525 2948 Drapar-

250 2971 420 3059 naldieit,
436 2972 473 3042 in
486 2967 703 3071 Corfierveah
718 2972 755 3042 in
767 2974 984 3072 Zygnemeis
995 2959 1294 3067 (Hydrocla’otyo),
1304 2969 1342 3038 in
1358 2967 1526 3042 Ulvacet‘s

250 3107 287 3166 ct
300 3095 339 3166 in
347 3089 542 3192 ,Sipboneis
555 3091 717 3182 existere,
732 3090 1048 3164 observationibus
1058 3090 1258 3184 probatum
1270 3090 1353 3160 luit.
1513 3113 1517 3120 ¹

293 3224 335 3285 ἀ·
361 3211 731 3312 Conlocystoerarius
755 3222 797 3283 ut
815 3211 961 3281 ridetur
984 3210 1254 3303 provenientes,
1274 3208 1341 3310 scd
1366 3229 1446 3278 cam
1475 3205 1524 3278 ob

249 3339 397 3408 caumm
412 3357 487 3406 non
501 3333 625 3404 miuus
641 3332 762 3402 forsan
777 3328 971 3402 normales.
986 3329 1081 3401 Loco
1095 3329 1194 3421 quod
1209 3329 1369 3420 sporidiu
1382 3328 1524 3423 singulo

250 3464 417 3526 constent
439 3452 593 3546 granmo
610 3449 883 3543 chlorophylli,
913 3448 1128 3542 coniocystae
1159 3447 1456 3522 numerosissima
1485 3449 1524 3518 in

248 3573 430 3668 spbaeram
443 3567 785 3642 -coalita‘includerc
807 3567 987 3638 videntur.
1009 3563 1235 3662 Coniocystae
1256 3566 1303 3636 in*
1320 3565 1526 3641 Culothrice

248 3691 492 3792 coaffervicola
507 3702 549 3763 et
560 3695 599 3762 C.
616 3685 859 3786 scopulorum,
879 3689 918 3758 in
931 3686 1100 3783 pluribus
1116 3683 1306 3784 chrffcmoe
1317 3688 1521 3782 speciebus,

249 3817 288 3886 in
307 3811 552 3910 Srpboneis'et
575 3807 819 3906 Choetupltora
840 3811 992 3880 invenus
1008 3817 1113 3892 sunt3
1137 3804 1204 3876 illis
1231 3807 1350 3878 forsan
1374 3807 1523 3899 insuper

249 3931 410 4026 analogoe
443 3929 649 4002 habeantur
683 3951 801 4022 sporae
834 3932 1123 4026 Zygnematum,
1150 3925 1383 4020 copulatione
1421 3936 1521 3995 ortae.

250 4052 294 4124 ln
310 4045 523 4126 Veretum
536 4059 699 4120 constare
715 4048 888 4118 ridentur
901 4046 1101 4140 perisporio
1125 4043 1284 4140 hyalino,
1299 4041 1403 4142 cujus
1417 4037 1523 4112 d'cni-

251 4195 325 4267 quc
352 4179 510 4264 ruptura
538 4189 644 4262 spera
681 4165 794 4236 libera
827 4165 966 4251 evadit,
998 4176 1035 4235 et
1059 4165 1096 4233 in
1120 4187 1216 4260 aqua
1242 4159 1521 4256 circumjacente

250 4304 398 4366 motum
416 4285 562 4372 induit,
586 4285 703 4356 donec
723 4285 883 4379 denique
903 4285 1118 4379 tranquilla,
1148 4282 1298 4379 singulae
1319 4284 1463 4378 plantae⁴
1478 4279 1522 4354 lit

250 4413 351 4508 origo
369 4407 467 4508 (vide
484 4407 569 4482 obs.
590 4411 714 4506 Unger
729 4407 769 4486 in
787 4406 873 4480 Act.
888 4419 972 4476 nat.
997 4402 1159 4501 curtos.)
1180 4404 1222 4475 ln
1247 4407 1403 4503 Bryopsi
1428 4403 1519 4476 Bal·

253 4529 504 4626 brittanniam
533 4552 629 4600 annu
660 4529 749 4623 1837
784 4528 1019 4622 coniocystas
1035 4527 1073 4596 in
1105 4523 1366 4618 speciminibus
1388 4523 1433 4594 ad
1452 4519 1520 4590 Vil-

253 4653 326 4724 lem
341 4653 515 4726 Francartr
524 4648 625 4724 lectis
637 4647 829 4734 observari,
844 4658 880 4717 et
888 4644 972 4717 dein
990 4643 1151 4740 plantam
1170 4647 1286 4716 viram
1300 4669 1365 4738 per
1376 4642 1522 4734 longius¹
