3378 5464
705 342 923 410 -149-

158 546 162 555 .
217 484 518 556 Antecedentium
531 483 731 554 ductorum
744 487 1165 579 moremgerens‚potins
1179 490 1456 580 quamproprie

181 608 355 679 sententia
385 606 532 691 ductus,
558 611 768 702 Hypnaeam
797 603 1050 676 aGracr'lario
1076 606 1233 676 distinxi.
1260 604 1307 678 Ut
1329 620 1456 680 autern

183 727 262 798 talis
296 727 536 798 distinctionis
576 728 731 795 rationes
764 725 1041 818 quodaminodo
1075 725 1293 797 sufficientes
1323 741 1453 818 essent,

181 872 295 942 genus
309 845 582 940 aliquantulum
595 848 720 940 magis,
734 868 848 938 quam
858 860 964 917 antea
976 846 1113 917 lactum
1127 846 1252 934 luerit,
1265 847 1457 920 extendere

182 979 329 1039 coactus
362 991 459 1038 snm.
497 967 552 1036 Ita
582 968 824 1038 constitutum
855 966 975 1036 differt
1010 990 1029 1034 a
1063 964 1278 1068 Gracilaria
1314 968 1452 1058 colore,

183 1087 386 1160 substantia
407 1085 682 1158 membranacea
699 1088 821 1180 potins
837 1110 951 1180 quam
967 1111 1130 1175 carnosa,
1149 1100 1185 1159 et
1200 1101 1394 1178 structura,
1415 1091 1453 1160 ni

185 1205 299 1294 fallor,
315 1209 464 1280 diversa.
485 1206 631 1282 Cellulae
655 1219 831 1300 apparent
854 1209 967 1300 magis
979 1208 1190 1302 irregulares
1204 1221 1242 1279 et
1259 1211 1450 1305 ungulatus,

182 1329 310 1401 mediae
325 1327 479 1423 majores
496 1340 533 1400 et
548 1351 673 1402 versus
688 1325 933 1421 superficiales
948 1329 1110 1400 minutas
1124 1332 1256 1400 sensim
1274 1331 1454 1426 magnitu-

182 1450 267 1519 dine
295 1450 560 1535 decrescentes,
586 1472 653 1518 nec
681 1460 862 1542 qnantum
892 1447 967 1519 vidi
990 1447 1185 1541 granulosa
1215 1451 1385 1536 materia,
1414 1451 1452 1522 in

186 1567 398 1644 Graciloria
415 1568 510 1665 adeo
526 1568 695 1655 evidenti,
722 1569 875 1662 repletae.
901 1569 1018 1639 Etiam
1040 1569 1078 1639 in
1102 1583 1287 1643 structura
1309 1573 1453 1646 fructus

181 1689 423 1760 differentiam
437 1688 558 1759 videre
575 1689 723 1758 credidi.
734 1689 982 1783 Pericarpium
997 1689 1136 1761 cellulis
1151 1692 1303 1761 minutis
1318 1695 1455 1764 consti-

184 1814 315 1893 tuitur,
332 1808 396 1906 (H.
412 1805 669 1907 confervoidcs)
687 1809 749 1880 sed
770 1832 845 1879 non
865 1808 1093 1881 radiantibus
1106 1821 1148 1882 ut
1162 1811 1199 1880 in
1219 1810 1453 1899 Graciloria;

183 1933 347 2025 placenta
359 1931 475 2025 major
486 1933 645 2017 videtur,
656 1956 675 1999 e
685 1930 821 2000 cellulis
833 1931 1005 2024 elongatis
1018 1943 1247 2016 contexta,ex
1260 1933 1454 2028 superficie

183 2051 457 2145 hemisphaerica
479 2075 602 2144 sporas
623 2053 809 2136 emittens;
831 2052 868 2119 in
893 2049 1106 2122 Gracilaria
1129 2065 1255 2122 contra
1274 2054 1351 2145 ipsa
1374 2055 1455 2148 pla-

184 2185 286 2242 centa
314 2175 456 2243 minuta
488 2185 524 2241 et
548 2170 771 2265 glomerulus
804 2171 984 2242 seminum
1013 2171 1140 2264 major.
1177 2171 1453 2266 Sphaerosporas

184 2294 365 2385 simplices
402 2311 619 2388 nuncupant
652 2291 777 2386 Angli,
810 2292 1087 2362 transversaliter
1125 2291 1253 2364 divisas
1288 2291 1451 2365 indicant

184 2413 376 2508 Montagne
398 2425 432 2486 et
454 2414 645 2495 Decaisne3
671 2413 777 2483 nobis
798 2412 949 2506 quidem
971 2412 1089 2485 divisae
1104 2426 1355 2507 apparuerunt
1381 2413 1447 2510 (H.

184 2533 346 2630 anneta)
360 2535 422 2606 sed
434 2534 506 2604 hoc
518 2533 670 2604 minime
681 2534 851 2615 nonaum,
867 2532 929 2604 sed
944 2532 1168 2626 plerumque
1182 2534 1373 2603 cruciatim
1386 2534 1425 2605 h.
1439 2559 1460 2604 e

165 2693 168 2696 ·
190 2659 354 2749 primum
369 2657 534 2728 sectione
548 2653 792 2742 transversali,
817 2663 920 2746 porte
941 2635 1101 2744 utraque
1125 2652 1209 2722 dein
1231 2652 1463 2746 longitudna-

187 2780 268 2850 liter
281 2776 320 2844 in
336 2775 604 2846 binaabeunte.
625 2772 795 2844 Ceterum
814 2773 959 2845 evidens
980 2773 1018 2844 in
1035 2773 1107 2843 hoc
1128 2795 1258 2867 genere
1275 2773 1462 2846 tendentia

186 2897 347 2971 ramulos
361 2919 452 2990 saepe
464 2894 732 2988 spinuliformes
744 2904 780 2963 et
792 2892 1004 2963 divaricatos
1018 2892 1211 2963 emittendi
1224 2921 1235 2972 ;
1251 2893 1288 2961 in
1303 2891 1466 2966 Gracile-

186 3021 240 3090 ria
255 3020 347 3089 rami
365 3017 545 3110 simplices
560 3027 596 3085 et
618 3014 773 3108 elongati
786 3023 956 3082 manent.

190 3179 270 3274 276.
291 3185 340 3251 Η.
358 3191 503 3250 armata
519 3171 603 3246 nob.
623 3171 711 3270 Sph.
728 3186 894 3243 armatus
909 3171 984 3268 Ag.
1000 3167 1114 3269 Ausa.
1132 3197 1169 3242 η.
1190 3173 1248 3266 75.
1282 3283 1285 3291 ‚
1316 3153 1320 3164 ’

229 3351 307 3415 Hab.
330 3353 367 3410 ad
381 3350 494 3432 lapides
508 3348 572 3411 sole
586 3348 738 3428 expositos
752 3356 782 3403 ct
795 3365 903 3426 parum
920 3346 1088 3420 demersos,
1104 3349 1135 3404 in
1156 3347 1281 3406 sinubus
1304 3345 1472 3426 tranquillis

190 3467 240 3517 ntr
252 3477 346 3536 usquc
363 3459 470 3527 maris3
487 3456 523 3516 ad
537 3457 678 3527 Livorno,
695 3469 797 3511 mense
814 3452 894 3529 blojo
911 3450 1100 3538 frequentem
1116 3449 1185 3530 tegi.

220 3593 324 3653 Planta
332 3609 434 3651 recens
444 3593 618 3660 annuimus,
632 3593 753 3670 caespite
763 3605 873 3666 magno
883 3585 888 3664 ζ
898 3587 1013 3666 lapides
1024 3595 1138 3664 tegens.
1150 3591 1245 3646 Frons
1257 3585 1372 3665 pedalis
1382 3594 1472 3654 teres,

190 3699 282 3756 ramis
296 3696 442 3772 elongatis
455 3713 509 3774 per
529 3703 624 3753 totam
636 3690 998 3770 longitudinem-ramulis
1018 3691 1155 3750 obsessis.
1179 3689 1301 3750 liamuli
1317 3699 1468 3770 patentes,

190 3803 283 3861 medii
303 3801 482 3880 plerumque
501 3799 653 3875 longiores
671 3799 721 3856 2·3
741 3796 912 3874 pollicares,
938 3813 1044 3853 omnes
1063 3795 1206 3853 ramentis
1228 3790 1475 3852 aculeiformibus

199 3905 385 3984 simplicibus
400 3913 451 3960 aut
465 3902 563 3960 denuo
579 3902 791 3980 decompositis
804 3899 908 3960 obsiti.
922 3899 1068 3956 Remeuto
1079 3903 1161 3958 bunc
1173 3897 1325 3976 simplicia
1340 3905 1369 3956 et
1385 3885 1476 3955 abasi

192 4010 301 4069 latiore
322 4009 503 4079 acuminata,
525 4023 605 4064 nunc
631 4014 660 4062 et
681 4005 789 4083 saepius
812 4021 938 4082 superne
960 4000 1083 4060 dilatata
1113 4010 1141 4058 et
1164 4000 1474 4062 divaricante-ramosa.

199 4113 342 4172 Coccidia
358 4111 394 4170 ad
406 4128 505 4169 ramos
520 4108 631 4168 sessilis
646 4117 675 4164 et
688 4110 718 4166 in
734 4095 875 4166 ramentis
892 4101 1071 4164 nidulantes.

246 4248 329 4320 llaec
345 4249 480 4342 species
497 4247 535 4348 in
554 4244 827 4316 collectionibus
843 4266 935 4340 saepe
953 4243 1114 4313 nomine.
1137 4242 1222 4336 Gig.
1243 4237 1341 4310 dure
1357 4237 1466 4307 obve-

202 4374 270 4458 nit,
289 4395 310 4438 a
329 4393 403 4464 qua
416 4392 500 4438 vero
515 4379 599 4438 ,toto
615 4366 714 4437 coelo
730 4366 860 4447 distat3
878 4364 1030 4456 propius
1047 4360 1178 4432 habitu
1197 4360 1367 4432 convenit
1382 4379 1477 4430 cum

199 4498 231 4564 G
236 4489 346 4561 elidio
362 4489 538 4561 Amanstt
550 4494 720 4562 Lumour.

197 4666 279 4738 277.
299 4647 348 4714 H.
365 4637 617 4737 Confirmoidcs
630 4637 713 4712 nob.
731 4635 816 4735 Spu.
833 4577 1078 4733 conservoides
1090 4634 1165 4732 Ag.
1181 4656 1233 4730 sp.
1247 4657 1284 4730 p.
1300 4633 1381 4704 305.
1407 4633 1411 4640 '
1457 4675 1464 4696 ,
