3378 5464
808 380 1025 466 ...1211-

270 525 419 588 bdriatico
434 526 471 588 ad
491 529 668 606 Tergestum
691 529 761 606 legit
781 529 957 610 Biantetto;
983 533 1020 596 ad
1042 535 1205 599 Massiliam
1224 551 1330 598 mense
1353 537 1542 620 sepembris

268 627 338 706 lpse.

309 759 450 838 Goespites
465 758 513 816 rix
526 759 678 832 unciales,
696 759 789 820 denso
806 761 955 822 velamine
969 729 1083 844 lapides
1096 765 1292 844 obtegentes,
1309 768 1452 858 relluente
1467 773 1543 832 mari

270 857 412 919 denudati
432 870 461 918 et
473 863 560 938 quasi
578 864 608 919 in
636 865 740 922 cristas
761 863 971 940 rigidiusculas
992 873 1143 947 congesti,
1162 869 1288 931 obscure
1309 877 1471 954 purpurei,
1488 893 1542 934 ex·

269 963 370 1022 siccati
387 961 446 1020 lere
462 965 672 1039 nigrescentes.
691 965 755 1024 uite
774 969 916 1045 primaria
938 975 1088 1052 repentia,
1110 975 1200 1033 dense
1221 977 1375 1050 intricata,
1403 995 1478 1055 uage
1491 977 1541 1036 di-

269 1066 410 1128 chotoma
423 1069 571 1130 radiculos
581 1071 736 1148 elongatos
748 1074 953 1134 inarticulatae
964 1073 1102 1152 hyalinos
1115 1076 1257 1138 deorsum
1268 1088 1297 1136 et
1309 1061 1358 1138 fila
1369 1079 1544 1140 secundaria

269 1187 387 1230 ameum
403 1172 581 1232 emittentia.
600 1173 662 1232 lits
682 1175 858 1234 seeundaria
873 1187 970 1238 erecta
991 1179 1227 1260 simpliciuscula
1242 1180 1288 1240 rel
1302 1183 1428 1242 ramulis
1442 1186 1546 1263 paucis

273 1275 502 1338 subsecundatis
515 1277 623 1352 obsita,
638 1280 722 1359 apice
735 1280 874 1368 elongato
886 1281 977 1342 nuda.
991 1283 1079 1344 namt
1097 1286 1346 1345 secundariorum
1359 1287 1469 1365 angulo
1484 1289 1546 1347 lere

268 1388 350 1439 recto
366 1379 564 1460 egredientes,
579 1399 652 1442 mox
663 1384 793 1448 incurri.
807 1387 932 1446 Articuli
945 1389 976 1446 ia
992 1387 1043 1448 ilo
1058 1391 1201 1474 primario
1213 1398 1243 1450 et
1252 1391 1283 1450 in
1294 1391 1476 1454 secundariis
1486 1393 1546 1452 fere

270 1501 375 1544 omnes
388 1484 535 1544 diametro
549 1487 640 1566 paulo
665 1489 815 1566 longiores
824 1527 833 1563 ,
853 1489 993 1570 siphoncs
1012 1497 1238 1554 numerosiores
1251 1513 1345 1572 quam
1358 1495 1391 1555 in
1406 1497 1547 1559 affinibus

270 1597 481 1647 monstrantes.

269 1773 353 1844 950.
375 1778 419 1848 P.
441 1778 618 1848 intricata
630 1774 711 1849 nob.
729 1781 897 1872 :caespite
920 1783 1086 1853 intricata
1100 1782 1256 1856 obscure
1267 1808 1465 1880 purpureo,
1478 1785 1542 1859 filo

317 1898 493 1990 primario
510 1911 658 1993 repente
675 1899 884 1987 radicante‚
912 1901 1133 1974 secundariis
1158 1904 1386 1976 verticalibus
1413 1909 1543 2000 sparsis

319 2017 490 2110 elongatis
511 2043 597 2114 vago
609 2021 779 2106 ramosis,
793 2021 901 2093 ramis
918 2020 1214 2112 subsecundatis,
1229 2023 1391 2095 articulis
1409 2025 1546 2098 infimis

319 2139 579 2232 supremisque
594 2137 740 2211 filorum
754 2138 986 2227 brevissimis,
1001 2141 1129 2213 mediis
1144 2142 1325 2214 diametro
1336 2141 1548 2242 sublongio-

319 2256 421 2335 ribus
447 2257 704 2329 sabb-venusia.

319 2435 363 2502 P.
382 2427 589 2528 iepadicola
606 2456 688 2503 aar.
709 2433 743 2520 β.
763 2435 939 2504 intricata
966 2432 1042 2530 Ag.
1062 2458 1114 2532 sp.
1137 2459 1173 2531 p.
1197 2459 1276 2532 ¹⁰7·

312 2606 392 2667 lieb.
408 2608 485 2666 inter
497 2607 569 2667 alias
582 2606 681 2686 Algos,
693 2609 725 2666 in
737 2606 832 2667 limite
843 2608 934 2667 maris
949 2604 1165 2684 tranquillioris
1177 2615 1321 2679 natantes,
1333 2609 1503 2686 parasitica3
1512 2611 1543 2667 in

232 2747 249 2798 g
272 2710 374 2769 salinis
386 2710 748 2794 TergestinisBiusoletto‚
764 2711 798 2770 ad
813 2711 993 2788 Cbioggiam
1004 2709 1110 2784 Nursia,
1128 2709 1165 2768 ad
1178 2710 1277 2770 littora
1288 2711 1547 2794 Galloprorinciae

270 2811 478 2889 Perreymand.

321 3001 458 3074 Habitu
483 3015 519 3072 et
537 3003 720 3096 plerisque
737 3001 1010 3072 characteribus
1024 3023 1113 3073 cum
1126 3006 1170 3071 P.
1193 2997 1350 3074 obscura
1368 3007 1547 3094 convenit,

271 3135 309 3202 at
346 3131 477 3216 caespes
512 3121 626 3192 laxior
660 3124 755 3192 inter
783 3120 868 3191 alias
901 3120 996 3214 algas
1024 3121 1240 3210 intricatus,
1276 3123 1369 3192 rami
1397 3119 1549 3194 filorum

272 3242 574 3315 secundariorum
599 3243 890 3330 numerosiores,
909 3242 1022 3336 magis
1042 3240 1223 3336 elongati,
1248 3252 1284 3312 et
1306 3241 1550 3314 articulorum

272 3365 455 3434 diversitas
475 3364 685 3435 distinctam
707 3365 865 3458 speciem
888 3361 1056 3435 suadent.
1085 3361 1127 3430 ln
1149 3360 1413 3452 speciminibus
1431 3361 1550 3456 majo-

275 3482 379 3556 ribns
396 3485 540 3553 articuli
572 3483 682 3554 medii
705 3507 822 3576 usque
836 3482 953 3576 duplo
971 3481 1150 3552 diametro
1170 3479 1347 3575 longiores
1368 3469 1479 3574 sunig
1491 3485 1549 3552 in-

275 3601 355 3674 limi
382 3615 418 3674 et
445 3605 606 3695 supremi
634 3625 776 3696 semper
801 3603 982 3676 diametro
1009 3600 1212 3690 breviores,
1230 3625 1337 3674 venas
1369 3624 1483 3695 qnam
1511 3604 1550 3672 in

272 3730 316 3798 P.
331 3721 486 3798 obscura
509 3724 698 3816 pauciores
713 3735 932 3794 monstrent.
945 3726 991 3794 P.
1005 3717 1213 3792 divaricata
1225 3719 1303 3818 Ag.
1327 3743 1381 3818 sp.
1401 3745 1438 3818 p.
1457 3722 1548 3809 108,

275 3846 433 3914 marium
459 3842 662 3919 borealium
687 3842 825 3930 incola,
840 3840 964 3914 differt
983 3867 1005 3912 a
1026 3841 1067 3910 P.
1090 3843 1267 3914 intricata
1291 3843 1400 3912 ramis
1420 3841 1551 3912 exinric

276 3966 433 4037 curratis
458 3939 944 4060 secundam-decomposita,
968 3961 1131 4034 articulis
1156 3960 1307 4033 filorum
1327 3959 1455 4032 mediis
1472 3961 1552 4030 dia-

276 4097 394 4158 metro
411 4083 524 4178 epto,
542 4107 732 4156 remorum
746 4083 876 4178 duplo,
886 4079 1124 4178 longioribus,
1140 4080 1277 4152 infimis
1288 4082 1381 4152 rami
1393 4079 1551 4180 cujusvis

278 4227 391 4298 quarn
416 4204 655 4297 sequentibus
681 4229 814 4299 parum
838 4203 1080 4277 brevioribus.
1118 4274 1122 4286 ,

279 4407 362 4480 ibi.
378 4414 420 4482 P.
441 4406 636 4506 pulvinata
647 4408 721 4507 Ag.
734 4429 786 4507 sp.
799 4434 836 4506 p.
854 4431 933 4504 109·
946 4403 1090 4503 cespite
1103 4407 1270 4504 elongato
1284 4430 1553 4503 purpurascen-

329 4543 385 4618 te‚
413 4527 476 4604 fito
499 4522 940 4624 primario'decumbcute
964 4531 1169 4616 radicante‚
1197 4528 1420 4601 secundariis
1447 4551 1553 4598 erec-

330 4647 772 4746 tiu'sculissubcaespitosis
798 4650 971 4746 elongatis
993 4674 1079 4745 vage
1098 4649 1269 4739 ramosis,
1287 4650 1397 4722 ramis
1425 4665 1555 4720 secun·
