3378 5464
699 325 917 400 -ttt-'-

209 472 317 533 Planta
328 469 465 532 ramalia:
482 469 702 550 Filaprimaria
716 487 849 550 pennam
866 442 1050 552 passerinam
1065 490 1183 547 crassa,
1207 477 1296 534 ramis
1315 475 1439 536 consor-

169 580 270 640 mibus
294 587 397 642 versus
417 575 878 658 apicem‘sansim·brerioribns
898 579 995 655 magis
1014 579 1218 656 irregulariter
1240 579 1438 658 pyramidata,

170 686 357 762 ramulisque
371 681 556 742 tenuioribus
571 681 661 739 dense
676 683 792 742 vestita.
804 680 962 740 llamuli
934 701 983 740 rrx
997 685 1104 740 setacei
1116 683 1340 762 simpliciusculi
1350 694 1380 742 at
1390 701 1443 764 per

168 798 266 848 totam
288 787 512 866 longitudinem
525 784 674 874 penicillis
696 785 867 846 lateralibus
882 804 984 845 versus
1002 788 1116 867 apicem
1135 787 1323 846 densioribus
1342 788 1445 860 obsiti,

173 901 203 948 et
216 893 327 949 eximie
341 891 422 964 flexi,
439 888 827 990 supremisubspiniiormes
840 899 868 947 et
880 891 1086 950 subarticulati
1101 889 1287 971 siphonesd-
1271 894 1320 965 -lr,
1330 891 1445 950 articuli

172 993 321 1053 diametro
335 995 434 1054 multo
447 995 610 1069 breviores,
622 1003 831 1054 monstrantes.
841 995 975 1054 Penicilli
984 1014 1021 1054 ex
1033 995 1171 1072 geniculo
1184 1013 1303 1072 quoque
1316 995 1445 1055 secundo

169 1109 314 1158 exeuntes
328 1101 516 1160 ramulorum
536 1100 692 1158 interiores
707 1118 744 1157 ex
758 1097 876 1176 singulo
892 1099 942 1157 iilo
962 1101 1054 1158 semel
1069 1099 1116 1158 rel
1131 1100 1177 1158 bis
1192 1111 1309 1159 tantum
1325 1077 1443 1160 furcata

171 1165 370 1281 rigidibsculo
392 1215 546 1284 constant,
570 1205 738 1286 superiores
763 1205 872 1264 sensim
892 1203 1027 1280 llaccidi,
1047 1203 1104 1264 filis
1124 1207 1270 1283 elongatis
1292 1213 1443 1266 numero·

170 1314 320 1394 sissimis„

207 1463 316 1540 Planta
343 1463 483 1526 estivalis.
509 1463 629 1524 Remuli
651 1474 754 1524 tenues
789 1447 899 1541 plantae
922 1461 1050 1522 vernalis
1071 1462 1133 1541 jam
1153 1466 1244 1524 ramis
1265 1465 1432 1544 majoribus

169 1568 415 1640 subconiorroes3
430 1568 563 1648 penicilli
581 1571 612 1628 in
625 1566 760 1628 ramulos
775 1559 913 1626 abibrunt
927 1567 1116 1646 spiniformes
1131 1566 1211 1650 linea
1230 1570 1281 1632 rix
1293 1569 1444 1648 longiores

169 1674 277 1734 eximie
296 1673 500 1758 patentessed
516 1675 567 1732 vix
589 1672 758 1742 verticales,
778 1692 815 1732 ex
835 1670 974 1748 geniculo
998 1689 1118 1750 quoque
1141 1673 1272 1732 secundo
1288 1685 1442 1748 exeuntes,

167 1787 267 1838 totum
282 1797 403 1840 ramum
417 1788 447 1838 et
460 1779 614 1857 praecipue
635 1780 752 1858 apicem
772 1777 977 1850 investientes,
1000 1778 1169 1855 superiores
1184 1777 1348 1857 simplices,
1364 1779 1444 1840 inle-

169 1885 264 1944 riores
278 1901 357 1947 nora
370 1883 558 1964 spicularum
572 1883 647 1942 serie
663 1865 796 1964 ornatos,
810 1869 915 1940 omnes
930 1897 966 1938 ex
982 1881 1066 1958 apice
1079 1889 1112 1940 ut
1124 1882 1155 1938 in
1168 1882 1282 1942 vernali
1296 1891 1373 1943 statu
1387 1902 1442 1963 pe-

169 1985 362 2066 nioilligeros,
380 1983 566 2058 articulatos,
581 1984 712 2046 articulis
724 1985 741 2044 3
754 1985 873 2043 renosis
886 1983 1031 2043 diametro
1045 1983 1243 2054 brevioribus.

214 2114 325 2173 Plania
340 2114 516 2174 autumnalis
530 2112 677 2196 penicillis
687 2113 836 2188 ramisque
847 2109 1008 2189 deperditis
1019 2110 1192 2188 defigurata,
1204 2113 1378 2172 Keramidia
1391 2131 1443 2172 ro·

173 2219 403 2281 tundata-orata
423 2220 501 2278 inira
522 2221 622 2300 apices
644 2215 831 2277 ramulorum
851 2214 1002 2274 nudorum
1022 2225 1050 2273 et
1070 2216 1290 2296 sphaerosporas
1312 2219 1442 2296 vulgaris

171 2324 276 2384 iormae
289 2325 321 2383 in
336 2323 460 2384 ramulis
475 2320 595 2401 singula
606 2323 681 2382 serie
695 2320 852 2400 dispositas
860 2317 1061 2392 (diversorum
1074 2311 1309 2397 individuorum)
1324 2339 1439 2398 gerens.

218 2480 344 2554 Planta
360 2453 520 2554 estivalis
533 2479 664 2574 habitu
679 2478 863 2574 elegantia
878 2479 1002 2549 ceteris
1017 2503 1235 2578 magnopere
1256 2478 1392 2551 recedit
1406 2493 1443 2552 ct

171 2625 237 2694 pro
259 2603 380 2696 specie¹
400 2602 573 2673 distincta
590 2600 692 2670 facile
710 2597 899 2670 habeatur.
914 2597 1104 2668 Vernalem
1129 2596 1305 2694 penicillis
1328 2599 1442 2670 diver·

169 2722 339 2816 gentibus
353 2721 508 2816 pulchre
521 2719 686 2810 ornatam
699 2743 767 2812 pro
782 2719 898 2814 specie
912 2715 1040 2814 Dasyae
1058 2721 1160 2790 initio
1178 2720 1310 2811 habui,
1325 2722 1455 2791 donec

170 2865 292 2913 mense
321 2839 489 2912 Octobris
514 2840 768 2913 autumnalem
790 2838 947 2909 sormam
971 2839 1153 2911 Stichidiis
1177 2841 1442 2936 Polysiphoniac

172 2976 335 3036 ornatam
352 2964 467 3058 legere
481 2963 640 3056 contigit.

560 3192 675 3263 Series
688 3192 764 3262 11¹..
773 3185 1052 3292 Polysipbonia.

224 3421 353 3529 Tubus
366 3422 532 3495 centralis
543 3417 649 3493 latior
665 3417 880 3524 siphonibus
891 3421 1095 3510 numerosis
1113 3419 1217 3493 1e15
1231 3419 1444 3514 pluribusve

174 3541 344 3619 radiatim
348 3519 552 3640 dispositis,
562 3544 719 3614 sectione
731 3541 955 3612 transversali
965 3540 1036 3611 iere
1047 3540 1220 3626 eboratis,
1234 3543 1389 3625 cinctus;
1397 3543 1445 3612 si-

175 3667 316 3761 phones
329 3666 522 3759 saepissime
538 3661 716 3756 simplices
731 3673 767 3732 et
779 3660 1023 3754 peripheriam
1037 3664 1309 3749 constituentes,
1329 3663 1444 3732 rarius

175 3787 276 3860 dirisi
290 3798 326 3857 et
343 3787 515 3856 exteriore
528 3795 639 3855 strato
652 3781 869 3852 cellularum
887 3781 1113 3851 circumdati.

189 3961 302 3993 ·**·****
311 3960 397 4021 Filia
417 3961 560 4036 primariis
578 3957 783 4035 subrepentibus
802 3955 974 4029 articulatis,
998 3954 1167 4012 secundariis
1188 3955 1362 4050 sortientibus
1377 3977 1448 4016 com

170 4067 272 4183 pressis
281 4065 394 4124 disticte
406 4065 543 4140 pinnatis.

176 4177 258 4294 abo.
286 4227 328 4293 P.
333 4235 517 4317 pennata
530 4219 606 4318 Ag.
618 4167 719 4318 δρψ.)
744 4240 820 4292 t02.
820 4223 879 4314 Ρ
901 4219 1041 4294 Coriun
1042 4215 1114 4290 ldii
1130 4218 1295 4318 Menegle.
1313 4221 1382 4294 litt.
1313 4219 1453 4292 lad

224 4338 478 4446 Corinaldi,rr.
494 4343 527 4414 5.

217 4493 296 4553 Hab.
314 4497 392 4554 inter
405 4495 477 4556 alias
494 4496 581 4576 Algae
597 4515 702 4577 repens
718 4507 748 4556 et
768 4497 896 4577 denique
912 4498 1047 4576 caespites
1062 4497 1171 4560 densos
1185 4497 1318 4558 formans
1331 4497 1369 4566 ad
1381 4516 1450 4561 sexa
1487 4527 1489 4532 v

178 4597 312 4662 demersa
324 4599 391 4660 luce
406 4601 551 4680 undisque
566 4603 667 4663 minus
683 4604 831 4684 exposita;
849 4602 885 4663 ad
902 4603 1030 4662 Livorno
1046 4612 1077 4660 et
1094 4601 1242 4694 Marseille
1255 4604 1348 4696 Pil..
1402 4673 1404 4681 .
