<?xml version="1.0" encoding="UTF-8"?>
<!DOCTYPE html PUBLIC "-//W3C//DTD XHTML 1.0 Transitional//EN"
    "http://www.w3.org/TR/xhtml1/DTD/xhtml1-transitional.dtd">
<html xmlns="http://www.w3.org/1999/xhtml" xml:lang="en" lang="en">
 <head>
  <title>
</title>
<meta http-equiv="Content-Type" content="text/html;charset=utf-8" />
  <meta name='ocr-system' content='tesseract 3.04.00' />
  <meta name='ocr-capabilities' content='ocr_page ocr_carea ocr_par ocr_line ocrx_word'/>
</head>
<body>
  <div class='ocr_page' id='page_1' title='image "./algaemarismedit00agargoog_0171.png"; bbox 0 0 3378 5464; ppageno 0'>
   <div class='ocr_carea' id='block_1_1' title="bbox 791 325 1007 398">
    <p class='ocr_par' dir='ltr' id='par_1_1' title="bbox 791 325 1007 398">
     <span class='ocr_line' id='line_1_1' title="bbox 791 325 1007 398; baseline 0.009 -2"><span class='ocrx_word' id='word_1_1' title='bbox 791 325 1007 398; x_wconf 75' lang='lat' dir='ltr'><strong>-tat-</strong></span> 
     </span>
    </p>
   </div>
   <div class='ocr_carea' id='block_1_2' title="bbox 271 463 1546 666">
    <p class='ocr_par' dir='ltr' id='par_1_2' title="bbox 271 463 1546 666">
     <span class='ocr_line' id='line_1_2' title="bbox 271 463 1546 568; baseline 0.005 -32"><span class='ocrx_word' id='word_1_2' title='bbox 271 463 369 538; x_wconf 89' lang='lat' dir='ltr'><strong>tibus</strong></span> <span class='ocrx_word' id='word_1_3' title='bbox 396 467 536 539; x_wconf 85' lang='lat' dir='ltr'><strong>obtusis</strong></span> <span class='ocrx_word' id='word_1_4' title='bbox 565 483 631 554; x_wconf 86' lang='lat' dir='ltr'><strong>aut</strong></span> <span class='ocrx_word' id='word_1_5' title='bbox 663 471 884 564; x_wconf 90' lang='lat' dir='ltr'><strong>plerumque</strong></span> <span class='ocrx_word' id='word_1_6' title='bbox 901 477 1118 546; x_wconf 82' lang='lat' dir='ltr'><strong>acuminatis</strong></span> <span class='ocrx_word' id='word_1_7' title='bbox 1140 489 1176 546; x_wconf 89' lang='lat' dir='ltr'><strong>et</strong></span> <span class='ocrx_word' id='word_1_8' title='bbox 1196 498 1288 568; x_wconf 81' lang='lat' dir='ltr'><strong>sape</strong></span> <span class='ocrx_word' id='word_1_9' title='bbox 1312 477 1349 543; x_wconf 92' lang='lat' dir='ltr'><strong>in</strong></span> <span class='ocrx_word' id='word_1_10' title='bbox 1377 474 1546 544; x_wconf 82' lang='lat' dir='ltr'><strong>frondem</strong></span> 
     </span>
     <span class='ocr_line' id='line_1_3' title="bbox 271 589 1288 666; baseline 0.003 -6"><span class='ocrx_word' id='word_1_11' title='bbox 271 589 543 660; x_wconf 87' lang='lat' dir='ltr'><strong>teretiusculam</strong></span> <span class='ocrx_word' id='word_1_12' title='bbox 559 589 767 661; x_wconf 87' lang='lat' dir='ltr'><strong>filiformem</strong></span> <span class='ocrx_word' id='word_1_13' title='bbox 781 593 1033 665; x_wconf 89' lang='lat' dir='ltr'><strong>dichotomam</strong></span> <span class='ocrx_word' id='word_1_14' title='bbox 1053 592 1288 666; x_wconf 87' lang='lat' dir='ltr'><strong>abeuntibus.</strong></span> 
     </span>
    </p>
   </div>
   <div class='ocr_carea' id='block_1_3' title="bbox 276 733 1549 930">
    <p class='ocr_par' dir='ltr' id='par_1_3' title="bbox 276 733 1549 930">
     <span class='ocr_line' id='line_1_4' title="bbox 313 733 1548 818; baseline 0.002 -26"><span class='ocrx_word' id='word_1_15' title='bbox 313 733 388 794; x_wconf 83' lang='lat' dir='ltr'><strong>flab.</strong></span> <span class='ocrx_word' id='word_1_16' title='bbox 413 733 451 790; x_wconf 88' lang='lat' dir='ltr'><strong>ad</strong></span> <span class='ocrx_word' id='word_1_17' title='bbox 471 753 560 812; x_wconf 87' lang='lat' dir='ltr'><strong>rupes</strong></span> <span class='ocrx_word' id='word_1_18' title='bbox 584 756 599 792; x_wconf 91' lang='lat' dir='ltr'><strong>a</strong></span> <span class='ocrx_word' id='word_1_19' title='bbox 621 735 688 794; x_wconf 88' lang='lat' dir='ltr'><strong>luce</strong></span> <span class='ocrx_word' id='word_1_20' title='bbox 715 738 901 798; x_wconf 85' lang='lat' dir='ltr'><strong>absconditas</strong></span> <span class='ocrx_word' id='word_1_21' title='bbox 927 740 1104 818; x_wconf 86' lang='lat' dir='ltr'><strong>plerumque</strong></span> <span class='ocrx_word' id='word_1_22' title='bbox 1129 739 1269 816; x_wconf 82' lang='lat' dir='ltr'><strong>abruptas</strong></span> <span class='ocrx_word' id='word_1_23' title='bbox 1297 737 1548 814; x_wconf 84' lang='lat' dir='ltr'><strong>currentibusqne</strong></span> 
     </span>
     <span class='ocr_line' id='line_1_5' title="bbox 276 838 1549 930; baseline 0.005 -37"><span class='ocrx_word' id='word_1_24' title='bbox 276 838 424 916; x_wconf 85' lang='lat' dir='ltr'><strong>expositas</strong></span> <span class='ocrx_word' id='word_1_25' title='bbox 436 840 465 894; x_wconf 91' lang='lat' dir='ltr'><strong>in</strong></span> <span class='ocrx_word' id='word_1_26' title='bbox 479 839 619 898; x_wconf 84' lang='lat' dir='ltr'><strong>inferiore</strong></span> <span class='ocrx_word' id='word_1_27' title='bbox 633 840 763 900; x_wconf 84' lang='lat' dir='ltr'><strong>refluxus</strong></span> <span class='ocrx_word' id='word_1_28' title='bbox 779 841 873 900; x_wconf 87' lang='lat' dir='ltr'><strong>limite</strong></span> <span class='ocrx_word' id='word_1_29' title='bbox 885 843 1215 912; x_wconf 81' lang='lat' dir='ltr'><strong>maris-Mediterranei3</strong></span> <span class='ocrx_word' id='word_1_30' title='bbox 1230 862 1245 898; x_wconf 90' lang='lat' dir='ltr'><strong>a</strong></span> <span class='ocrx_word' id='word_1_31' title='bbox 1263 843 1392 900; x_wconf 82' lang='lat' dir='ltr'>Massilia</span> <span class='ocrx_word' id='word_1_32' title='bbox 1406 841 1549 930; x_wconf 78' lang='lat' dir='ltr'><strong>usquead</strong></span> 
     </span>
    </p>
   </div>
   <div class='ocr_carea' id='block_1_4' title="bbox 217 941 1551 1656">
    <p class='ocr_par' dir='ltr' id='par_1_4' title="bbox 217 941 758 1021">
     <span class='ocr_line' id='line_1_6' title="bbox 217 941 758 1021; baseline 0.009 -23"><span class='ocrx_word' id='word_1_33' title='bbox 217 941 226 960; x_wconf 87' lang='lat'>&#39;</span> <span class='ocrx_word' id='word_1_34' title='bbox 273 941 379 999; x_wconf 78' lang='lat' dir='ltr'><strong>Amalli</strong></span> <span class='ocrx_word' id='word_1_35' title='bbox 391 944 475 1018; x_wconf 81' lang='lat' dir='ltr'><strong>regni</strong></span> <span class='ocrx_word' id='word_1_36' title='bbox 487 941 675 1021; x_wconf 76' lang='lat' dir='ltr'>Neapolitani</span> <span class='ocrx_word' id='word_1_37' title='bbox 691 944 758 1019; x_wconf 84' lang='lat' dir='ltr'><strong>legi.</strong></span> 
     </span>
    </p>

    <p class='ocr_par' dir='ltr' id='par_1_5' title="bbox 273 1055 1551 1656">
     <span class='ocr_line' id='line_1_7' title="bbox 322 1055 1550 1174; baseline 0.005 -30"><span class='ocrx_word' id='word_1_38' title='bbox 322 1073 518 1166; x_wconf 81' lang='lat' dir='ltr'><strong>Aspccturn</strong></span> <span class='ocrx_word' id='word_1_39' title='bbox 535 1077 656 1147; x_wconf 90' lang='lat' dir='ltr'><strong>induit</strong></span> <span class='ocrx_word' id='word_1_40' title='bbox 677 1092 730 1148; x_wconf 91' lang='lat' dir='ltr'><strong>sat</strong></span> <span class='ocrx_word' id='word_1_41' title='bbox 749 1055 968 1174; x_wconf 85' lang='lat' dir='ltr'><strong>peculiarem</strong></span> <span class='ocrx_word' id='word_1_42' title='bbox 992 1093 1028 1150; x_wconf 92' lang='lat' dir='ltr'><strong>et</strong></span> <span class='ocrx_word' id='word_1_43' title='bbox 1052 1092 1236 1172; x_wconf 90' lang='lat' dir='ltr'><strong>quantum</strong></span> <span class='ocrx_word' id='word_1_44' title='bbox 1263 1083 1347 1150; x_wconf 86' lang='lat' dir='ltr'><strong>novi</strong></span> <span class='ocrx_word' id='word_1_45' title='bbox 1369 1084 1405 1150; x_wconf 91' lang='lat' dir='ltr'><strong>in</strong></span> <span class='ocrx_word' id='word_1_46' title='bbox 1431 1082 1550 1150; x_wconf 82' lang='lat' dir='ltr'><strong>forma</strong></span> 
     </span>
     <span class='ocr_line' id='line_1_8' title="bbox 274 1195 1549 1294; baseline 0.004 -28"><span class='ocrx_word' id='word_1_47' title='bbox 274 1195 450 1266; x_wconf 82' lang='lat' dir='ltr'><strong>Atlantica</strong></span> <span class='ocrx_word' id='word_1_48' title='bbox 464 1222 538 1266; x_wconf 89' lang='lat' dir='ltr'><strong>nou</strong></span> <span class='ocrx_word' id='word_1_49' title='bbox 554 1199 785 1270; x_wconf 85' lang='lat' dir='ltr'><strong>observatum</strong></span> <span class='ocrx_word' id='word_1_50' title='bbox 799 1256 809 1286; x_wconf 90' lang='lat'>‚</span> <span class='ocrx_word' id='word_1_51' title='bbox 827 1202 929 1294; x_wconf 85' lang='lat' dir='ltr'>apice</span> <span class='ocrx_word' id='word_1_52' title='bbox 946 1226 1078 1294; x_wconf 86' lang='lat' dir='ltr'><strong>nempe</strong></span> <span class='ocrx_word' id='word_1_53' title='bbox 1091 1202 1229 1272; x_wconf 82' lang='lat' dir='ltr'>frondis</span> <span class='ocrx_word' id='word_1_54' title='bbox 1247 1204 1284 1271; x_wconf 95' lang='lat' dir='ltr'><strong>in</strong></span> <span class='ocrx_word' id='word_1_55' title='bbox 1298 1199 1404 1272; x_wconf 78' lang='lat' dir='ltr'><strong>filum</strong></span> <span class='ocrx_word' id='word_1_56' title='bbox 1418 1201 1549 1271; x_wconf 91' lang='lat' dir='ltr'><strong>dicho-</strong></span> 
     </span>
     <span class='ocr_line' id='line_1_9' title="bbox 275 1321 1550 1409; baseline 0.002 -21"><span class='ocrx_word' id='word_1_57' title='bbox 275 1330 420 1390; x_wconf 88' lang='lat' dir='ltr'><strong>tomum</strong></span> <span class='ocrx_word' id='word_1_58' title='bbox 440 1321 591 1388; x_wconf 89' lang='lat' dir='ltr'><strong>omnino</strong></span> <span class='ocrx_word' id='word_1_59' title='bbox 615 1331 784 1405; x_wconf 87' lang='lat' dir='ltr'><strong>teretem,</strong></span> <span class='ocrx_word' id='word_1_60' title='bbox 810 1321 975 1391; x_wconf 90' lang='lat' dir='ltr'><strong>cirrhum</strong></span> <span class='ocrx_word' id='word_1_61' title='bbox 998 1321 1155 1409; x_wconf 86' lang='lat' dir='ltr'><strong>diceres,</strong></span> <span class='ocrx_word' id='word_1_62' title='bbox 1180 1321 1346 1392; x_wconf 88' lang='lat' dir='ltr'><strong>abeunte.</strong></span> <span class='ocrx_word' id='word_1_63' title='bbox 1368 1321 1453 1389; x_wconf 91' lang='lat' dir='ltr'><strong>Pars</strong></span> <span class='ocrx_word' id='word_1_64' title='bbox 1471 1321 1550 1391; x_wconf 83' lang='lat' dir='ltr'><strong>baec</strong></span> 
     </span>
     <span class='ocr_line' id='line_1_10' title="bbox 274 1439 1551 1534; baseline 0 -24"><span class='ocrx_word' id='word_1_65' title='bbox 274 1441 440 1532; x_wconf 82' lang='lat' dir='ltr'><strong>superior</strong></span> <span class='ocrx_word' id='word_1_66' title='bbox 454 1441 557 1534; x_wconf 83' lang='lat' dir='ltr'><strong>apice</strong></span> <span class='ocrx_word' id='word_1_67' title='bbox 571 1440 768 1534; x_wconf 89' lang='lat' dir='ltr'><strong>aliquando</strong></span> <span class='ocrx_word' id='word_1_68' title='bbox 782 1439 820 1510; x_wconf 92' lang='lat' dir='ltr'><strong>in</strong></span> <span class='ocrx_word' id='word_1_69' title='bbox 837 1464 929 1509; x_wconf 90' lang='lat' dir='ltr'><strong>nova</strong></span> <span class='ocrx_word' id='word_1_70' title='bbox 944 1440 1069 1510; x_wconf 84' lang='lat' dir='ltr'><strong>foliola</strong></span> <span class='ocrx_word' id='word_1_71' title='bbox 1080 1441 1274 1525; x_wconf 89' lang='lat' dir='ltr'><strong>dilatatur,</strong></span> <span class='ocrx_word' id='word_1_72' title='bbox 1291 1452 1354 1509; x_wconf 90' lang='lat' dir='ltr'><strong>aut</strong></span> <span class='ocrx_word' id='word_1_73' title='bbox 1366 1439 1449 1510; x_wconf 85' lang='lat' dir='ltr'><strong>solia</strong></span> <span class='ocrx_word' id='word_1_74' title='bbox 1463 1464 1551 1532; x_wconf 92' lang='lat' dir='ltr'><strong>pro-</strong></span> 
     </span>
     <span class='ocr_line' id='line_1_11' title="bbox 273 1558 1551 1656; baseline 0 -26"><span class='ocrx_word' id='word_1_75' title='bbox 273 1558 442 1630; x_wconf 85' lang='lat' dir='ltr'><strong>lificantia</strong></span> <span class='ocrx_word' id='word_1_76' title='bbox 459 1566 567 1656; x_wconf 79' lang='lat' dir='ltr'><strong>gerit3</strong></span> <span class='ocrx_word' id='word_1_77' title='bbox 591 1573 775 1631; x_wconf 90' lang='lat' dir='ltr'><strong>structura</strong></span> <span class='ocrx_word' id='word_1_78' title='bbox 795 1563 960 1631; x_wconf 87' lang='lat' dir='ltr'><strong>densiore</strong></span> <span class='ocrx_word' id='word_1_79' title='bbox 972 1574 1035 1646; x_wconf 87' lang='lat' dir='ltr'><strong>est,</strong></span> <span class='ocrx_word' id='word_1_80' title='bbox 1050 1574 1086 1631; x_wconf 88' lang='lat' dir='ltr'><strong>et</strong></span> <span class='ocrx_word' id='word_1_81' title='bbox 1097 1559 1234 1631; x_wconf 87' lang='lat' dir='ltr'><strong>cellulis</strong></span> <span class='ocrx_word' id='word_1_82' title='bbox 1249 1561 1451 1632; x_wconf 87' lang='lat' dir='ltr'><strong>minoribus</strong></span> <span class='ocrx_word' id='word_1_83' title='bbox 1466 1585 1551 1630; x_wconf 90' lang='lat' dir='ltr'><strong>con·</strong></span> 
     </span>
    </p>
   </div>
   <div class='ocr_carea' id='block_1_5' title="bbox 275 1679 1679 1773">
    <p class='ocr_par' dir='ltr' id='par_1_6' title="bbox 275 1679 1679 1773">
     <span class='ocr_line' id='line_1_12' title="bbox 275 1679 1679 1773; baseline -0.002 -22"><span class='ocrx_word' id='word_1_84' title='bbox 275 1693 380 1752; x_wconf 83' lang='lat' dir='ltr'><strong>texta.</strong></span> <span class='ocrx_word' id='word_1_85' title='bbox 393 1681 512 1752; x_wconf 84' lang='lat' dir='ltr'><strong>Aliasa</strong></span> <span class='ocrx_word' id='word_1_86' title='bbox 526 1683 642 1751; x_wconf 81' lang='lat' dir='ltr'><strong>forma</strong></span> <span class='ocrx_word' id='word_1_87' title='bbox 657 1683 826 1773; x_wconf 90' lang='lat' dir='ltr'><strong>primaria</strong></span> <span class='ocrx_word' id='word_1_88' title='bbox 840 1706 915 1751; x_wconf 93' lang='lat' dir='ltr'><strong>non</strong></span> <span class='ocrx_word' id='word_1_89' title='bbox 930 1679 1196 1773; x_wconf 85' lang='lat' dir='ltr'><strong>distinguenda.</strong></span> <span class='ocrx_word' id='word_1_90' title='bbox 1212 1679 1398 1751; x_wconf 86' lang='lat' dir='ltr'><strong>Structura</strong></span> <span class='ocrx_word' id='word_1_91' title='bbox 1409 1681 1550 1766; x_wconf 89' lang='lat' dir='ltr'><strong>eadem,</strong></span> <span class='ocrx_word' id='word_1_92' title='bbox 1678 1759 1679 1762; x_wconf 8' lang='grc' dir='ltr'><strong>Ἴ</strong></span> 
     </span>
    </p>
   </div>
   <div class='ocr_carea' id='block_1_6' title="bbox 276 1799 1549 1894">
    <p class='ocr_par' dir='ltr' id='par_1_7' title="bbox 276 1799 1549 1894">
     <span class='ocr_line' id='line_1_13' title="bbox 276 1799 1549 1894; baseline -0.002 -23"><span class='ocrx_word' id='word_1_93' title='bbox 276 1800 413 1873; x_wconf 76' lang='lat' dir='ltr'><strong>cellulae</strong></span> <span class='ocrx_word' id='word_1_94' title='bbox 426 1824 558 1892; x_wconf 87' lang='lat' dir='ltr'><strong>nempe</strong></span> <span class='ocrx_word' id='word_1_95' title='bbox 567 1801 995 1894; x_wconf 71' lang='lat' dir='ltr'><strong>5-6-ag0no·prismaticas,</strong></span> <span class='ocrx_word' id='word_1_96' title='bbox 1005 1800 1219 1869; x_wconf 89' lang='lat' dir='ltr'><strong>membrana</strong></span> <span class='ocrx_word' id='word_1_97' title='bbox 1228 1802 1330 1870; x_wconf 89' lang='lat' dir='ltr'><strong>tenui</strong></span> <span class='ocrx_word' id='word_1_98' title='bbox 1342 1799 1549 1892; x_wconf 75' lang='lat' dir='ltr'><strong>disjunctae,</strong></span> 
     </span>
    </p>
   </div>
   <div class='ocr_carea' id='block_1_7' title="bbox 276 1918 1679 2016">
    <p class='ocr_par' dir='ltr' id='par_1_8' title="bbox 276 1918 1679 2016">
     <span class='ocr_line' id='line_1_14' title="bbox 276 1918 1679 2016; baseline -0.002 -25"><span class='ocrx_word' id='word_1_99' title='bbox 276 1920 429 2016; x_wconf 81' lang='lat' dir='ltr'><strong>hyalinae</strong></span> <span class='ocrx_word' id='word_1_100' title='bbox 440 1976 449 2007; x_wconf 91' lang='lat'>‚</span> <span class='ocrx_word' id='word_1_101' title='bbox 461 1933 572 1991; x_wconf 89' lang='lat' dir='ltr'><strong>strato</strong></span> <span class='ocrx_word' id='word_1_102' title='bbox 585 1918 805 2014; x_wconf 88' lang='lat' dir='ltr'><strong>superficiali</strong></span> <span class='ocrx_word' id='word_1_103' title='bbox 818 1919 977 1990; x_wconf 86' lang='lat' dir='ltr'><strong>colorato</strong></span> <span class='ocrx_word' id='word_1_104' title='bbox 994 1920 1131 1989; x_wconf 87' lang='lat' dir='ltr'><strong>cellulis</strong></span> <span class='ocrx_word' id='word_1_105' title='bbox 1153 1921 1354 1990; x_wconf 88' lang='lat' dir='ltr'><strong>minoribus</strong></span> <span class='ocrx_word' id='word_1_106' title='bbox 1370 1921 1458 1990; x_wconf 83' lang='lat' dir='ltr'><strong>serio</strong></span> <span class='ocrx_word' id='word_1_107' title='bbox 1473 1923 1550 1990; x_wconf 90' lang='lat' dir='ltr'><strong>sin·</strong></span> <span class='ocrx_word' id='word_1_108' title='bbox 1678 1971 1679 1988; x_wconf 39' lang='lat'>1</span> 
     </span>
    </p>
   </div>
   <div class='ocr_carea' id='block_1_8' title="bbox 276 2041 780 2136">
    <p class='ocr_par' dir='ltr' id='par_1_9' title="bbox 276 2041 780 2136">
     <span class='ocr_line' id='line_1_15' title="bbox 276 2041 780 2136; baseline -0.006 -25"><span class='ocrx_word' id='word_1_109' title='bbox 276 2041 362 2136; x_wconf 86' lang='lat' dir='ltr'><strong>gula</strong></span> <span class='ocrx_word' id='word_1_110' title='bbox 374 2041 553 2136; x_wconf 80' lang='lat' dir='ltr'><strong>dispositis</strong></span> <span class='ocrx_word' id='word_1_111' title='bbox 571 2042 780 2111; x_wconf 90' lang='lat' dir='ltr'><strong>constituto.</strong></span> 
     </span>
    </p>
   </div>
   <div class='ocr_carea' id='block_1_9' title="bbox 381 2237 1450 2366">
    <p class='ocr_par' dir='ltr' id='par_1_10' title="bbox 381 2237 1450 2366">
     <span class='ocr_line' id='line_1_16' title="bbox 381 2237 1450 2366; baseline -0.002 -24"><span class='ocrx_word' id='word_1_112' title='bbox 381 2295 496 2342; x_wconf 82' lang='lat' dir='ltr'><strong>nxx1x.</strong></span> <span class='ocrx_word' id='word_1_113' title='bbox 525 2271 799 2345; x_wconf 74' lang='lat' dir='ltr'><strong>Sannaococcus</strong></span> <span class='ocrx_word' id='word_1_114' title='bbox 819 2270 896 2364; x_wconf 79' lang='lat' dir='ltr'><strong>Ag.</strong></span> <span class='ocrx_word' id='word_1_115' title='bbox 927 2271 1032 2338; x_wconf 71' lang='lat' dir='ltr'><strong>Grec.</strong></span> <span class='ocrx_word' id='word_1_116' title='bbox 1059 2264 1150 2363; x_wconf 78' lang='lat' dir='ltr'><strong>Alg.</strong></span> <span class='ocrx_word' id='word_1_117' title='bbox 1168 2268 1275 2339; x_wconf 84' lang='lat' dir='ltr'><strong>Britt.</strong></span> <span class='ocrx_word' id='word_1_118' title='bbox 1302 2295 1338 2366; x_wconf 85' lang='lat' dir='ltr'><strong>p.</strong></span> <span class='ocrx_word' id='word_1_119' title='bbox 1371 2237 1450 2366; x_wconf 69' lang='lat'><strong>137.</strong></span> 
     </span>
    </p>
   </div>
   <div class='ocr_carea' id='block_1_10' title="bbox 281 2479 1555 4365">
    <p class='ocr_par' dir='ltr' id='par_1_11' title="bbox 281 2479 1555 3660">
     <span class='ocr_line' id='line_1_17' title="bbox 331 2479 1550 2576; baseline -0.002 -28"><span class='ocrx_word' id='word_1_120' title='bbox 331 2479 443 2551; x_wconf 85' lang='lat' dir='ltr'><strong>Frons</strong></span> <span class='ocrx_word' id='word_1_121' title='bbox 460 2493 596 2551; x_wconf 85' lang='lat' dir='ltr'><strong>costata</strong></span> <span class='ocrx_word' id='word_1_122' title='bbox 617 2507 638 2550; x_wconf 85' lang='lat' dir='ltr'><strong>e</strong></span> <span class='ocrx_word' id='word_1_123' title='bbox 656 2480 794 2552; x_wconf 89' lang='lat' dir='ltr'><strong>cellulis</strong></span> <span class='ocrx_word' id='word_1_124' title='bbox 819 2483 1010 2576; x_wconf 85' lang='lat' dir='ltr'><strong>granulosa</strong></span> <span class='ocrx_word' id='word_1_125' title='bbox 1033 2484 1181 2554; x_wconf 88' lang='lat' dir='ltr'><strong>materia</strong></span> <span class='ocrx_word' id='word_1_126' title='bbox 1203 2481 1347 2572; x_wconf 85' lang='lat' dir='ltr'><strong>repletis</strong></span> <span class='ocrx_word' id='word_1_127' title='bbox 1365 2489 1550 2560; x_wconf 80' lang='lat' dir='ltr'><strong>contexta3</strong></span> 
     </span>
     <span class='ocr_line' id='line_1_18' title="bbox 282 2599 1553 2694; baseline -0.003 -24"><span class='ocrx_word' id='word_1_128' title='bbox 282 2600 501 2672; x_wconf 85' lang='lat' dir='ltr'><strong>centralibus</strong></span> <span class='ocrx_word' id='word_1_129' title='bbox 518 2603 747 2674; x_wconf 89' lang='lat' dir='ltr'><strong>tenuioribus</strong></span> <span class='ocrx_word' id='word_1_130' title='bbox 773 2605 809 2674; x_wconf 93' lang='lat' dir='ltr'><strong>in</strong></span> <span class='ocrx_word' id='word_1_131' title='bbox 836 2601 896 2672; x_wconf 91' lang='lat' dir='ltr'><strong>fila</strong></span> <span class='ocrx_word' id='word_1_132' title='bbox 916 2603 1128 2673; x_wconf 89' lang='lat' dir='ltr'><strong>dichotoma</strong></span> <span class='ocrx_word' id='word_1_133' title='bbox 1152 2599 1424 2694; x_wconf 86' lang='lat' dir='ltr'><strong>longitudinalia</strong></span> <span class='ocrx_word' id='word_1_134' title='bbox 1445 2621 1553 2667; x_wconf 91' lang='lat' dir='ltr'><strong>coor-</strong></span> 
     </span>
     <span class='ocr_line' id='line_1_19' title="bbox 281 2716 1552 2807; baseline 0 -21"><span class='ocrx_word' id='word_1_135' title='bbox 281 2719 425 2806; x_wconf 86' lang='lat' dir='ltr'><strong>dinatis,</strong></span> <span class='ocrx_word' id='word_1_136' title='bbox 448 2735 601 2792; x_wconf 89' lang='lat' dir='ltr'><strong>stratum</strong></span> <span class='ocrx_word' id='word_1_137' title='bbox 630 2723 827 2793; x_wconf 87' lang='lat' dir='ltr'><strong>medullare</strong></span> <span class='ocrx_word' id='word_1_138' title='bbox 850 2721 1116 2807; x_wconf 82' lang='lat' dir='ltr'><strong>formantibus3</strong></span> <span class='ocrx_word' id='word_1_139' title='bbox 1147 2718 1287 2789; x_wconf 90' lang='lat' dir='ltr'><strong>cellulis</strong></span> <span class='ocrx_word' id='word_1_140' title='bbox 1312 2716 1552 2786; x_wconf 83' lang='lat' dir='ltr'><strong>exterioribus</strong></span> 
     </span>
     <span class='ocr_line' id='line_1_20' title="bbox 282 2837 1554 2932; baseline -0.007 -19"><span class='ocrx_word' id='word_1_141' title='bbox 282 2839 488 2914; x_wconf 85' lang='lat' dir='ltr'><strong>rotundatis</strong></span> <span class='ocrx_word' id='word_1_142' title='bbox 513 2869 534 2912; x_wconf 90' lang='lat' dir='ltr'><strong>a</strong></span> <span class='ocrx_word' id='word_1_143' title='bbox 559 2845 708 2914; x_wconf 87' lang='lat' dir='ltr'><strong>centrali</strong></span> <span class='ocrx_word' id='word_1_144' title='bbox 727 2857 838 2914; x_wconf 89' lang='lat' dir='ltr'><strong>strato</strong></span> <span class='ocrx_word' id='word_1_145' title='bbox 861 2840 1088 2912; x_wconf 86' lang='lat' dir='ltr'><strong>radiantibus</strong></span> <span class='ocrx_word' id='word_1_146' title='bbox 1116 2839 1343 2932; x_wconf 85' lang='lat' dir='ltr'><strong>peripherico</strong></span> <span class='ocrx_word' id='word_1_147' title='bbox 1360 2845 1473 2906; x_wconf 91' lang='lat' dir='ltr'><strong>strato</strong></span> <span class='ocrx_word' id='word_1_148' title='bbox 1488 2837 1554 2906; x_wconf 88' lang='lat' dir='ltr'><strong>mi-</strong></span> 
     </span>
     <span class='ocr_line' id='line_1_21' title="bbox 282 2952 1555 3051; baseline -0.008 -19"><span class='ocrx_word' id='word_1_149' title='bbox 282 2967 556 3034; x_wconf 85' lang='lat' dir='ltr'><strong>nutissimarum</strong></span> <span class='ocrx_word' id='word_1_150' title='bbox 576 2965 790 3036; x_wconf 84' lang='lat' dir='ltr'><strong>cellularum</strong></span> <span class='ocrx_word' id='word_1_151' title='bbox 806 2965 921 3034; x_wconf 86' lang='lat' dir='ltr'><strong>tectis.</strong></span> <span class='ocrx_word' id='word_1_152' title='bbox 938 2962 1095 3032; x_wconf 83' lang='lat' dir='ltr'><strong>Fructus</strong></span> <span class='ocrx_word' id='word_1_153' title='bbox 1107 2959 1269 3051; x_wconf 82' lang='lat' dir='ltr'><strong>duplex:</strong></span> <span class='ocrx_word' id='word_1_154' title='bbox 1297 2952 1470 3028; x_wconf 70' lang='lat' dir='ltr'><strong>coendia</strong></span> <span class='ocrx_word' id='word_1_155' title='bbox 1489 2953 1555 3024; x_wconf 88' lang='lat' dir='ltr'><strong>he-</strong></span> 
     </span>
     <span class='ocr_line' id='line_1_22' title="bbox 282 3079 1555 3180; baseline -0.005 -26"><span class='ocrx_word' id='word_1_156' title='bbox 282 3086 509 3180; x_wconf 82' lang='lat' dir='ltr'><strong>mispbaerica</strong></span> <span class='ocrx_word' id='word_1_157' title='bbox 523 3087 768 3180; x_wconf 83' lang='lat' dir='ltr'><strong>glomerulu&#39;m</strong></span> <span class='ocrx_word' id='word_1_158' title='bbox 784 3107 979 3177; x_wconf 87' lang='lat' dir='ltr'><strong>sporarum</strong></span> <span class='ocrx_word' id='word_1_159' title='bbox 993 3085 1243 3167; x_wconf 85' lang='lat' dir='ltr'><strong>obovatarum,</strong></span> <span class='ocrx_word' id='word_1_160' title='bbox 1257 3084 1295 3150; x_wconf 91' lang='lat' dir='ltr'><strong>in</strong></span> <span class='ocrx_word' id='word_1_161' title='bbox 1314 3079 1382 3149; x_wconf 86' lang='lat' dir='ltr'><strong>filis</strong></span> <span class='ocrx_word' id='word_1_162' title='bbox 1400 3081 1555 3149; x_wconf 77' lang='lat' dir='ltr'><strong>clavato·</strong></span> 
     </span>
     <span class='ocr_line' id='line_1_23' title="bbox 283 3194 1552 3298; baseline -0.005 -24"><span class='ocrx_word' id='word_1_163' title='bbox 283 3206 589 3276; x_wconf 83' lang='lat' dir='ltr'><strong>monilisormibus</strong></span> <span class='ocrx_word' id='word_1_164' title='bbox 615 3231 656 3274; x_wconf 85' lang='lat' dir='ltr'><strong>ex</strong></span> <span class='ocrx_word' id='word_1_165' title='bbox 682 3205 845 3298; x_wconf 88' lang='lat' dir='ltr'><strong>placenta</strong></span> <span class='ocrx_word' id='word_1_166' title='bbox 868 3204 979 3276; x_wconf 79' lang='lat' dir='ltr'><strong>basoli</strong></span> <span class='ocrx_word' id='word_1_167' title='bbox 998 3199 1266 3296; x_wconf 83' lang='lat' dir='ltr'><strong>egredientibus</strong></span> <span class='ocrx_word' id='word_1_168' title='bbox 1287 3194 1552 3281; x_wconf 88' lang='lat' dir='ltr'><strong>nidulantium,</strong></span> 
     </span>
     <span class='ocr_line' id='line_1_24' title="bbox 282 3315 1554 3420; baseline -0.008 -24"><span class='ocrx_word' id='word_1_169' title='bbox 282 3330 376 3397; x_wconf 88' lang='lat' dir='ltr'><strong>intra</strong></span> <span class='ocrx_word' id='word_1_170' title='bbox 391 3327 634 3420; x_wconf 86' lang='lat' dir='ltr'><strong>pericarpium</strong></span> <span class='ocrx_word' id='word_1_171' title='bbox 654 3325 870 3396; x_wconf 88' lang='lat' dir='ltr'><strong>cellulosum</strong></span> <span class='ocrx_word' id='word_1_172' title='bbox 894 3325 1062 3396; x_wconf 81' lang='lat' dir='ltr'><strong>foventia.</strong></span> <span class='ocrx_word' id='word_1_173' title='bbox 1090 3319 1446 3417; x_wconf 75' lang='lat' dir='ltr'><strong>Sphoerosporoe.......</strong></span> <span class='ocrx_word' id='word_1_174' title='bbox 1461 3315 1554 3412; x_wconf 67' lang='lat' dir='ltr'><strong>Algos</strong></span> 
     </span>
     <span class='ocr_line' id='line_1_25' title="bbox 283 3446 1551 3540; baseline -0.006 -25"><span class='ocrx_word' id='word_1_175' title='bbox 283 3447 623 3540; x_wconf 70' lang='lat' dir='ltr'><strong>compresso-plana</strong></span> <span class='ocrx_word' id='word_1_176' title='bbox 634 3461 790 3532; x_wconf 71' lang='lat' dir='ltr'><strong>costatus,</strong></span> <span class='ocrx_word' id='word_1_177' title='bbox 804 3446 1100 3530; x_wconf 72' lang='lat' dir='ltr'><strong>membranaceae,</strong></span> <span class='ocrx_word' id='word_1_178' title='bbox 1116 3451 1551 3534; x_wconf 87' lang='lat' dir='ltr'><strong>roseo-purpurascentes,</strong></span> 
     </span>
     <span class='ocr_line' id='line_1_26' title="bbox 283 3569 795 3660; baseline 0 -22"><span class='ocrx_word' id='word_1_179' title='bbox 283 3569 795 3660; x_wconf 85' lang='lat' dir='ltr'><strong>subpinnato-ramossisimae.</strong></span> 
     </span>
    </p>

    <p class='ocr_par' dir='ltr' id='par_1_12' title="bbox 285 3677 1555 4365">
     <span class='ocr_line' id='line_1_27' title="bbox 333 3677 1550 3772; baseline -0.01 -16"><span class='ocrx_word' id='word_1_180' title='bbox 333 3691 486 3759; x_wconf 81' lang='lat' dir='ltr'><strong>Fru&#39;ctus</strong></span> <span class='ocrx_word' id='word_1_181' title='bbox 502 3689 651 3757; x_wconf 89' lang='lat' dir='ltr'><strong>omnino</strong></span> <span class='ocrx_word' id='word_1_182' title='bbox 667 3686 936 3772; x_wconf 82' lang='lat' dir='ltr'><strong>Rhodomenioe,</strong></span> <span class='ocrx_word' id='word_1_183' title='bbox 963 3698 1000 3756; x_wconf 89' lang='lat' dir='ltr'><strong>at</strong></span> <span class='ocrx_word' id='word_1_184' title='bbox 1017 3697 1200 3756; x_wconf 85' lang='lat' dir='ltr'><strong>structura</strong></span> <span class='ocrx_word' id='word_1_185' title='bbox 1224 3682 1374 3750; x_wconf 89' lang='lat' dir='ltr'><strong>diversa.</strong></span> <span class='ocrx_word' id='word_1_186' title='bbox 1390 3677 1550 3746; x_wconf 87' lang='lat' dir='ltr'><strong>Stratum</strong></span> 
     </span>
     <span class='ocr_line' id='line_1_28' title="bbox 285 3795 1552 3907; baseline -0.011 -29"><span class='ocrx_word' id='word_1_187' title='bbox 285 3795 498 3897; x_wconf 85' lang='lat' dir='ltr'><strong>medullare,</strong></span> <span class='ocrx_word' id='word_1_188' title='bbox 514 3812 549 3880; x_wconf 92' lang='lat' dir='ltr'><strong>in</strong></span> <span class='ocrx_word' id='word_1_189' title='bbox 566 3809 821 3907; x_wconf 79' lang='lat' dir='ltr'><strong>Splzoerococoo</strong></span> <span class='ocrx_word' id='word_1_190' title='bbox 835 3810 992 3894; x_wconf 76' lang='lat' dir='ltr'><strong>euidens,</strong></span> <span class='ocrx_word' id='word_1_191' title='bbox 1005 3809 1041 3878; x_wconf 90' lang='lat' dir='ltr'><strong>iu</strong></span> <span class='ocrx_word' id='word_1_192' title='bbox 1054 3803 1303 3877; x_wconf 78' lang='lat' dir='ltr'><strong>Rhodomenia</strong></span> <span class='ocrx_word' id='word_1_193' title='bbox 1316 3799 1552 3868; x_wconf 84' lang='lat' dir='ltr'><strong>desideratur.</strong></span> 
     </span>
     <span class='ocr_line' id='line_1_29' title="bbox 286 3917 1553 4024; baseline -0.008 -28"><span class='ocrx_word' id='word_1_194' title='bbox 286 3930 359 4000; x_wconf 85' lang='lat' dir='ltr'><strong>Fila</strong></span> <span class='ocrx_word' id='word_1_195' title='bbox 375 3934 477 4002; x_wconf 88' lang='lat' dir='ltr'><strong>strati</strong></span> <span class='ocrx_word' id='word_1_196' title='bbox 491 3932 700 4002; x_wconf 88' lang='lat' dir='ltr'><strong>medullaris</strong></span> <span class='ocrx_word' id='word_1_197' title='bbox 723 3957 844 4003; x_wconf 82' lang='lat' dir='ltr'><strong>versus</strong></span> <span class='ocrx_word' id='word_1_198' title='bbox 858 3929 1101 4024; x_wconf 87' lang='lat' dir='ltr'><strong>peripheriam</strong></span> <span class='ocrx_word' id='word_1_199' title='bbox 1120 3947 1271 4018; x_wconf 89' lang='lat' dir='ltr'><strong>quoque</strong></span> <span class='ocrx_word' id='word_1_200' title='bbox 1285 3917 1553 3991; x_wconf 86' lang='lat' dir='ltr'><strong>horizontaliter</strong></span> 
     </span>
     <span class='ocr_line' id='line_1_30' title="bbox 285 4039 1554 4148; baseline -0.009 -31"><span class='ocrx_word' id='word_1_201' title='bbox 285 4051 522 4143; x_wconf 83' lang='lat' dir='ltr'><strong>egrediuntur</strong></span> <span class='ocrx_word' id='word_1_202' title='bbox 548 4054 590 4147; x_wconf 90' lang='lat' dir='ltr'><strong>(si</strong></span> <span class='ocrx_word' id='word_1_203' title='bbox 611 4067 708 4123; x_wconf 86' lang='lat' dir='ltr'><strong>recto</strong></span> <span class='ocrx_word' id='word_1_204' title='bbox 729 4052 905 4148; x_wconf 81' lang='lat' dir='ltr'><strong>viderim),</strong></span> <span class='ocrx_word' id='word_1_205' title='bbox 926 4062 962 4120; x_wconf 92' lang='lat' dir='ltr'><strong>at</strong></span> <span class='ocrx_word' id='word_1_206' title='bbox 987 4051 1081 4120; x_wconf 90' lang='lat' dir='ltr'><strong>inter</strong></span> <span class='ocrx_word' id='word_1_207' title='bbox 1106 4043 1252 4119; x_wconf 87' lang='lat' dir='ltr'><strong>cellulas</strong></span> <span class='ocrx_word' id='word_1_208' title='bbox 1276 4044 1428 4135; x_wconf 89' lang='lat' dir='ltr'><strong>majores</strong></span> <span class='ocrx_word' id='word_1_209' title='bbox 1452 4039 1554 4110; x_wconf 90' lang='lat' dir='ltr'><strong>strati</strong></span> 
     </span>
     <span class='ocr_line' id='line_1_31' title="bbox 288 4155 1555 4265; baseline -0.01 -25"><span class='ocrx_word' id='word_1_210' title='bbox 288 4169 399 4240; x_wconf 88' lang='lat' dir='ltr'><strong>medii</strong></span> <span class='ocrx_word' id='word_1_211' title='bbox 417 4176 649 4264; x_wconf 90' lang='lat' dir='ltr'><strong>sparsissima.</strong></span> <span class='ocrx_word' id='word_1_212' title='bbox 668 4173 720 4242; x_wconf 84' lang='lat' dir='ltr'><strong>An</strong></span> <span class='ocrx_word' id='word_1_213' title='bbox 733 4174 793 4243; x_wconf 86' lang='lat' dir='ltr'><strong>bis</strong></span> <span class='ocrx_word' id='word_1_214' title='bbox 813 4173 962 4265; x_wconf 85' lang='lat' dir='ltr'><strong>analoga</strong></span> <span class='ocrx_word' id='word_1_215' title='bbox 983 4168 1178 4264; x_wconf 79' lang='lat' dir='ltr'><strong>judicanda</strong></span> <span class='ocrx_word' id='word_1_216' title='bbox 1194 4168 1266 4237; x_wconf 91' lang='lat' dir='ltr'><strong>sint</strong></span> <span class='ocrx_word' id='word_1_217' title='bbox 1281 4161 1342 4233; x_wconf 89' lang='lat' dir='ltr'><strong>fila</strong></span> <span class='ocrx_word' id='word_1_218' title='bbox 1359 4155 1555 4230; x_wconf 78' lang='lat' dir='ltr'><strong>monililor-</strong></span> 
     </span>
     <span class='ocr_line' id='line_1_32' title="bbox 289 4289 915 4365; baseline 0.006 -7"><span class='ocrx_word' id='word_1_219' title='bbox 289 4291 360 4359; x_wconf 88' lang='lat' dir='ltr'><strong>mia</strong></span> <span class='ocrx_word' id='word_1_220' title='bbox 376 4292 414 4360; x_wconf 95' lang='lat' dir='ltr'><strong>in</strong></span> <span class='ocrx_word' id='word_1_221' title='bbox 428 4293 596 4365; x_wconf 87' lang='lat' dir='ltr'><strong>interiore</strong></span> <span class='ocrx_word' id='word_1_222' title='bbox 615 4291 684 4364; x_wconf 79' lang='lat' dir='ltr'><strong>ut.</strong></span> <span class='ocrx_word' id='word_1_223' title='bbox 703 4289 915 4364; x_wconf 82' lang='lat' dir='ltr'><strong>laciniatoe?</strong></span> 
     </span>
    </p>
   </div>
   <div class='ocr_carea' id='block_1_11' title="bbox 291 4449 1555 4686">
    <p class='ocr_par' dir='ltr' id='par_1_13' title="bbox 291 4449 1555 4686">
     <span class='ocr_line' id='line_1_33' title="bbox 291 4449 1555 4568; baseline -0.009 -33"><span class='ocrx_word' id='word_1_224' title='bbox 291 4465 370 4536; x_wconf 79' lang='lat'>288.</span> <span class='ocrx_word' id='word_1_225' title='bbox 388 4463 474 4563; x_wconf 83' lang='lat' dir='ltr'><strong>Splz.</strong></span> <span class='ocrx_word' id='word_1_226' title='bbox 498 4469 669 4562; x_wconf 85' lang='lat' dir='ltr'><strong>coronopi</strong></span> <span class='ocrx_word' id='word_1_227' title='bbox 684 4463 780 4537; x_wconf 76' lang='lat' dir='ltr'><strong>olins</strong></span> <span class='ocrx_word' id='word_1_228' title='bbox 798 4466 868 4568; x_wconf 57' lang='lat' dir='ltr'><strong>Ag3</strong></span> <span class='ocrx_word' id='word_1_229' title='bbox 883 4489 934 4560; x_wconf 81' lang='lat' dir='ltr'><strong>sp.</strong></span> <span class='ocrx_word' id='word_1_230' title='bbox 960 4463 1049 4560; x_wconf 81' lang='lat' dir='ltr'><strong>Alg.</strong></span> <span class='ocrx_word' id='word_1_231' title='bbox 1066 4488 1103 4559; x_wconf 89' lang='lat' dir='ltr'><strong>p.</strong></span> <span class='ocrx_word' id='word_1_232' title='bbox 1131 4483 1210 4553; x_wconf 84' lang='lat'><strong>290.</strong></span> <span class='ocrx_word' id='word_1_233' title='bbox 1225 4459 1452 4531; x_wconf 84' lang='lat' dir='ltr'><strong>Plocamium</strong></span> <span class='ocrx_word' id='word_1_234' title='bbox 1470 4449 1555 4524; x_wconf 80' lang='lat' dir='ltr'><strong>vul-</strong></span> 
     </span>
     <span class='ocr_line' id='line_1_34' title="bbox 336 4579 1201 4686; baseline -0.009 -29"><span class='ocrx_word' id='word_1_235' title='bbox 336 4607 426 4683; x_wconf 83' lang='lat' dir='ltr'><strong>gare</strong></span> <span class='ocrx_word' id='word_1_236' title='bbox 439 4582 533 4657; x_wconf 75' lang='lat' dir='ltr'><strong>delle</strong></span> <span class='ocrx_word' id='word_1_237' title='bbox 557 4584 684 4686; x_wconf 80' lang='lat' dir='ltr'><strong>Chiaje</strong></span> <span class='ocrx_word' id='word_1_238' title='bbox 702 4583 822 4684; x_wconf 71' lang='lat' dir='ltr'><strong>Hyde.</strong></span> <span class='ocrx_word' id='word_1_239' title='bbox 839 4592 955 4683; x_wconf 85' lang='lat' dir='ltr'><strong>Neap.</strong></span> <span class='ocrx_word' id='word_1_240' title='bbox 980 4579 1052 4655; x_wconf 86' lang='lat' dir='ltr'><strong>tab.</strong></span> <span class='ocrx_word' id='word_1_241' title='bbox 1070 4587 1110 4658; x_wconf 89' lang='lat' dir='ltr'><em>X</em></span> <span class='ocrx_word' id='word_1_242' title='bbox 1111 4585 1150 4658; x_wconf 82' lang='lat' dir='ltr'><em>V</em></span> <span class='ocrx_word' id='word_1_243' title='bbox 1145 4585 1193 4654; x_wconf 90' lang='grc' dir='ltr'><strong>ΙΙ</strong></span> <span class='ocrx_word' id='word_1_244' title='bbox 1193 4632 1201 4649; x_wconf 94' lang='grc'><strong>.</strong></span> 
     </span>
    </p>
   </div>
   <div class='ocr_carea' id='block_1_12' title="bbox 0 0 1713 5464">
    <p class='ocr_par' dir='ltr' id='par_1_14' title="bbox 0 0 1713 5464">
     <span class='ocr_line' id='line_1_35' title="bbox 0 0 1713 5464; baseline 0 0"><span class='ocrx_word' id='word_1_245' title='bbox 0 0 1713 5464; x_wconf 95' lang='lat' dir='ltr'><strong> </strong></span> 
     </span>
    </p>
   </div>
  </div>
 </body>
</html>
