3378 5464
683 415 730 431 -
755 371 803 444 97
827 412 876 430 ..-

153 525 311 598 colorem
328 529 378 601 H.
401 524 576 624 ligulatce
596 526 836 623 conjungens,
853 524 899 596 ab
922 529 1079 617 utraque
1098 525 1181 598 satis
1194 511 1332 597 diversa
1347 501 1415 596 no·

152 647 207 718 bis
227 647 385 719 videtur.
1272 651 1275 656 ’

158 824 236 894 181.
248 827 299 893 H.
316 824 536 893 curricornis
550 847 628 893 nov.
637 823 838 919 sp.:fr0nde
854 819 1301 895 carnoso-membranacea
1313 815 1420 917 plana

203 941 406 1030 subsessili,
423 942 502 1013 basi
521 944 750 1016 uniformiter
765 943 879 1012 excisa
901 965 1056 1036 superne
1082 940 1420 1036 lacinium-pinnata

204 1062 364 1156 pinnisa
387 1062 465 1133 basi
484 1064 608 1134 latiore
633 1065 848 1159 attenuatis,
865 1061 1025 1156 pinnulis
1048 1061 1265 1132 densissimis
1288 1060 1421 1132 abbre-
1490 1137 1493 1142 ,

204 1184 308 1255 vistis
330 1184 825 1278 recurvato-divergentibus‚
843 1195 908 1253 aut
934 1183 1172 1254 obtusissimis
1195 1182 1422 1276 simplicibus

206 1317 270 1374 aut
291 1304 487 1390 lemmatis,
510 1303 648 1374 laciniis
669 1303 937 1398 divergcntibus
959 1303 1107 1376 obtusis.

148 1455 150 1462 ¹
198 1469 275 1530 nab.
302 1471 334 1528 in
355 1471 490 1528 cavernis
510 1469 759 1548 profundioribus
780 1466 895 1546 frigidis
916 1488 931 1526 a
954 1471 1030 1526 mari
1055 1488 1118 1534 non¹
1131 1447 1260 1530 nimium
1286 1472 1422 1542 seclusis3

159 1594 194 1634 ex
206 1575 304 1637 insula
319 1573 452 1634 Chlteau
465 1573 526 1634 d'lf
536 1576 786 1653 Galloprovinciae
801 1573 880 1632 dedit
894 1573 996 1632 Soller.
1038 1619 1041 1624 .

201 1703 296 1760 Frons
318 1703 598 1782 circumscriptione
620 1701 680 1759 fere
698 1700 941 1773 reniformis,vix
957 1701 1100 1780 lpollices
1116 1703 1184 1775 alta,
1201 1704 1258 1768 a-la
1272 1703 1342 1778 lata,
1357 1703 1427 1761 sub·

161 1805 254 1866 sessili
277 1805 340 1880 basi
356 1808 469 1878 excisa,
495 1825 560 1864 arca
583 1805 675 1863 basuli
698 1805 803 1863 latiore
823 1806 967 1879 indivisa,
987 1807 1062 1864 infra
1085 1808 1221 1867 medium
1240 1803 1311 1867 vcro
1335 1810 1450 1875 totiusv

163 1910 275 1968 frondis
290 1912 320 1968 in
337 1910 459 1968 lacinias
474 1911 529 1968 6·8
551 1909 761 1988 subpalmatim
783 1893 868 1980 frssa',
889 1910 1004 1967 laciniis
1020 1913 1154 1988 margine
1169 1911 1342 1970 densissime
1358 1913 1429 1988 pin-

163 2017 256 2088 natis,
288 2031 389 2073 versus
408 2017 524 2093 apicem
546 2017 656 2072 sensim
684 2001 921 2088 angustioribus..
945 2015 1047 2070 Pinnae
1069 2013 1244 2073 laciniarum
1264 2033 1316 2072 seu
1335 2016 1431 2073 mavis

164 2116 435 2196 pinnulaefrondis,
450 2117 682 2194 semipollicares
693 2115 970 2194 usque-uncialibus
980 2119 1171 2191 intermixtae·
1180 2120 1295 2177 inferne
1304 2119 1431 2177 lineares

166 2219 353 2280 nudiusculae
368 2231 397 2279 et
412 2223 549 2296 integrae,
565 2240 654 2300 supra
675 2223 810 2280 medium
831 2223 958 2280 dilatatae
973 2224 1003 2279 in
1018 2221 1140 2281 lacinias
1155 2241 1328 2282 numerosas
1344 2222 1429 2280 fissae.

165 2325 296 2384 Laciuiae
311 2325 402 2386 abasi
414 2325 519 2384 latiore
534 2337 693 2386 attenuatae
707 2325 751 2384 rel
763 2324 1034 2402 lineari-oblongae,
1047 2326 1257 2398 obtusissimus,
1272 2330 1327 2386 1-2
1341 2327 1433 2383 lineas

144 2429 147 2435 ’
167 2429 312 2517 longeest
327 2427 390 2486 basi
405 2429 516 2488 lineam
528 2430 607 2502 latae,
619 2431 805 2506 divergeutes
819 2448 898 2508 saepc
912 2449 1055 2490 recurre.
1071 2431 1268 2502 Fructiferam
1279 2449 1339 2501 non
1352 2429 1430 2497 vidi;

168 2531 221 2590 sed
243 2539 391 2592 structura
414 2544 562 2608 ¹quantum
584 2533 670 2592 video
693 2536 819 2609 generis.
838 2535 930 2594 Color
944 2553 1035 2612 quam
1056 2537 1087 2592 in
1102 2537 1215 2594 caeteris
1229 2535 1438 2617 intensiorvi7

168 2619 428 2698 noso-coccineus·
575 2618 579 2626 ¹

162 2933 168 2946 ,
201 2849 231 2876 **
246 2843 396 2920 Fronde
408 2870 566 2918 carnosa
578 2846 910 2944 compresso-plana
922 2845 1126 2920 dichotoma
1139 2842 1416 2945 autmultifida.

177 3037 254 3106 182.
271 3040 321 3106 H.
337 3032 525 3128 multifida
536 3035 653 3130 J.‚Ag.
663 3031 777 3132 symb.
791 3059 827 3131 p.
841 3057 900 3128 19:
912 3034 1039 3104 fronde
1054 3058 1203 3105 carnosa
1215 3035 1441 3128 compressoh

222 3154 329 3248 plana
343 3153 539 3225 orbiculari
550 3153 1168 3242 subdichotomo-laciniata‚laeiniis
1180 3153 1439 3246 decompositis

221 3297 377 3366 superne
405 3272 561 3342 dilatatis
585 3270 1008 3360 creantem-multifidis,
1029 3272 1194 3342 lacinulis
1220 3270 1438 3365 brevissimis

222 3381 595 3478 rotundato-obtusis,
605 3391 755 3464 sinubus
770 3393 983 3462 laciniarum
1003 3391 1244 3463 obtusissimis
1256 3413 1349 3486 saepe
1366 3392 1442 3463 dis-

223 3507 342 3585 tanter
362 3513 565 3586 crenulatis.
1056 3509 1058 3518 ⁴
1205 3504 1208 3513 '

205 3645 293 3714 'nan
311 3659 462 3734 specimen
477 3656 601 3732 (speciei
613 3653 714 3712 'forsan
730 3650 895 3729 Atlanticus)
911 3675 926 3712 e
941 3655 1118 3714 collectione
1132 3655 1214 3714 dedit
1230 3631 1352 3712 Saliari·

180 3754 182 3764 γ
227 3755 355 3851 Colore
372 3792 407 3848 et
420 3778 622 3850 substantia
640 3781 775 3860 fereffl
794 3779 1029 3875 pinnularum
1039 3779 1113 3874 Ag.
1144 3777 1256 3873 Aufz.
1283 3779 1442 3866 aemulat,

179 3895 214 3972 at
229 3898 493 3970 ramificatione
507 3899 604 3968 velut
619 3911 803 3968 structura
817 3899 920 3990 longe
936 3897 1084 3990 diversa.
1109 3883 1336 3969 Ramificatio
1351 3893 1445 3970 inter

179 4019 385 4089 laciniatam
399 4029 436 4086 et
449 4017 701 4087 dichotomsnr
725 4017 935 4086 intermedia
944 4070 957 4100 ,a
969 4015 1106 4086 laciniis
1120 4003 1352 4110 pollicaribus
1367 4019 1445 4089 basi

183 4139 243 4207 2-5
257 4139 367 4206 lineas
381 4137 460 4206 latis
474 4159 630 4228 superne
643 4137 680 4224 in
693 4137 863 4229 laminam
877 4137 1109 4234 irregularem
1129 4137 1284 4209 dilatatis
1296 4151 1332 4208 et
1344 4140 1445 4232 apice

181 4257 354 4328 dentibus
365 4251 567 4328 numerosis
578 4253 815 4325 obtusissimis
824 4269 887 4348 per
898 4258 998 4326 sinus
1012 4259 1227 4330 rotundatos
1238 4261 1375 4328 excisis.
1392 4259 1447 4328 Ad

182 4376 382 4467 marginem
400 4363 549 4442 sinuum
564 4371 746 4465 ruajorunt
761 4397 949 4465 processus
961 4379 1091 4445 minuti
1105 4378 1450 4469 crerruliformesad

183 4507 283 4580 suut,
302 4516 401 4562 nunc
416 4492 594 4584 simplices
607 4516 707 4561 nunc
722 4491 827 4582 lissae,
842 4494 1001 4590 denique
1023 4493 1142 4598 forsan
1159 4497 1194 4565 in
1219 4481 1366 4567 lacinias
1390 4520 1450 4566 ex-

162 4605 489 4688 ferescentesjttita
501 4609 670 4683 interiora
687 4614 825 4688 frondis
841 4615 1064 4702 densissima,
1085 4627 1120 4685 ct
1139 4639 1181 4686 ex
1195 4615 1330 4692 cellulis
1349 4617 1450 4693 strati

1274 4741 1292 4804 7
