3378 5464
720 399 964 510 -ror-v

202 573 205 588 ·
232 551 295 609 Nisi
310 551 473 612 substantia
488 555 613 613 crassior
628 563 657 611 et
672 551 758 634 color
772 549 892 612 dilutior
908 533 1112 610 diversitatem
1125 553 1287 630 quamdam
1301 553 1461 614 suaderent

191 674 246 732 pro
273 673 355 715 mera
378 668 406 715 ct
434 657 548 736 vulgari
572 659 669 716 lorma
691 656 758 732 Spl.
786 660 924 732 patmcttoe
950 656 1091 718 facillime
1115 675 1248 716 sumeres
1255 677 1265 728 ;
1294 662 1461 724 accuratius

191 761 323 838 inspecta
351 761 560 822 diversissima.
589 761 719 820 Frondes
745 761 1050 840 sesqui-bipollicares
1081 779 1096 817 a
1129 759 1192 819 basi
1213 771 1325 822 scutata
1345 761 1458 841 plures,

191 843 290 945 stipite
312 868 488 928 brevissimo
510 872 540 927 in
562 869 704 928 laminam
720 864 1008 926 causato-linearem
1029 865 1215 940 marginibus
1241 865 1461 942 aliquantulum

190 970 307 1030 inflexis
327 971 626 1046 subcaualioulatam,
655 969 777 1042 2-2-1ln
799 969 890 1028 lineas
905 969 997 1028 latam
1017 985 1146 1046 superne
1170 966 1377 1028 dichotomam
1389 986 1461 1030 mox

191 1093 322 1154 expanso
333 1095 342 1146 ;
364 1087 517 1154 segmenta
536 1095 615 1136 nunc
636 1077 767 1154 regulari
787 1075 934 1133 divisione
953 1072 1128 1133 dichotoma
1144 1072 1257 1132 frondis
1277 1083 1364 1148 ortae‚
1381 1092 1461 1134 nuuc
1570 1154 1574 1160 p

191 1176 254 1238 basi
264 1181 347 1255 quasi
358 1181 538 1258 strangulata
547 1192 576 1240 et
585 1179 816 1259 prolilicationes
830 1177 1012 1250 aemulantia‚
1031 1176 1331 1236 ulterioredirisione
1346 1177 1462 1236 subfla-

190 1281 314 1355 bellata,
342 1285 475 1362 apicibus
506 1286 836 1344 rotundato-truncatis.
870 1283 1024 1341 structura
1045 1283 1160 1358 generis
1175 1301 1182 1339 :
1198 1265 1337 1340 cellula
1351 1297 1462 1361 nempe

192 1387 351 1444 interiores
362 1387 517 1446 filisormes
529 1389 704 1447 densissime
717 1389 843 1467 stipulae,
857 1397 980 1445 externo
993 1395 1084 1444 strato
1096 1381 1273 1446 cellularum
1280 1385 1462 1446 riirlinntium

189 1493 460 1580 minutissimarum
476 1495 552 1551 serie
567 1493 728 1572 multiplici
744 1492 956 1570 dispositarum
970 1500 1055 1552 tectae
1071 1489 1139 1572 (nec
1154 1499 1187 1549 ut
1199 1491 1232 1549 in
1246 1488 1315 1567 Splr.
1327 1491 1462 1568 polmetta

188 1594 302 1654 cellulis
327 1596 518 1654 interioribus
542 1600 657 1674 magnis
674 1595 976 1678 'polyedris-siugula
999 1583 1076 1654 serie
1099 1585 1275 1656 cellularum
1306 1596 1461 1654 minorum

188 1699 379 1758 circumdatis
393 1697 581 1776 constituta).

357 1977 424 2024 uxr.
452 1937 625 2026 Gnnnron
642 1959 745 2026 Grec.
762 1952 852 2052 Atg.
866 1957 970 2024 Britt.
983 1978 1019 2050 p.
1040 1955 1118 2047 139,
1131 1949 1273 2048 nybnn.

233 2203 346 2272 Frons
360 2201 428 2274 illis
441 2205 659 2274 tenuissimis
672 2207 856 2276 coutinuis
869 2207 1025 2276 inanime
1037 2207 1212 2277 intricatis
1223 2203 1459 2291 neutralibus,

185 2323 396 2416 cellulisque
414 2323 649 2416 periphericis
665 2325 873 2396 rotundatis
891 2324 1097 2418 constituta.
1114 2325 1270 2412 Fructus
1292 2322 1454 2420 duplex:

183 2442 443 2515 Favellt'dia...
467 2442 739 2540 Sphoerosporoe
761 2445 914 2514 minutae
934 2470 953 2513 e
970 2445 1204 2539 periphericis
1227 2443 1365 2532 cellulis
1378 2442 1456 2514 sor-

184 2575 290 2633 matae
301 2565 396 2652 intra
410 2565 653 2657 perisporium
668 2565 706 2634 in
721 2587 844 2656 sporas
861 2563 885 2652 d
901 2563 1077 2656 triangula
1091 2564 1222 2634 divisae.
1240 2561 1336 2656 Algae
1349 2586 1454 2634 ener-

182 2707 241 2754 ves
257 2683 708 2773 membranaceo-cornea,
725 2683 1082 2779 compresso-planae,
1101 2684 1252 2754 lincares
1268 2681 1427 2776 pinnatae
1440 2737 1452 2774 ‚

181 2817 501 2897 purpurascentes.

227 2943 546 3037 Quumspocimen
559 2945 974 3040 nullumcapsulilerurn
985 2947 1030 3017 ad
1041 2941 1453 3034 manushabeam‚fruc-

180 3079 241 3137 tus
260 3065 418 3158 analysin
446 3068 709 3136 accuratiorem
733 3067 819 3135 dare
843 3091 916 3135 nou
944 3069 1057 3160 potui.
1075 3068 1165 3136 Tota
1186 3067 1337 3137 interior
1352 3069 1452 3138 frons

180 3185 272 3271 iilis,
302 3209 416 3280 quam
444 3186 641 3285 incaeteris
672 3186 880 3278 generibus,
906 3187 1135 3257 densioribus
1156 3187 1374 3258 tenuissimis
1392 3212 1454 3256 ca-

179 3305 252 3374 nali
277 3304 524 3374 subcontiuuo
550 3306 730 3397 percursis
746 3303 829 3401 (nec
854 3307 947 3375 utin
966 3306 1145 3401 plerisque
1169 3286 1369 3376 articulatis
1387 3321 1453 3379 aut

177 3421 369 3518 granulosa
388 3427 538 3497 materia
558 3425 719 3522 repletis)
735 3428 980 3519 maximopere
994 3426 1188 3510 intricatis,
1212 3426 1276 3496 sed
1290 3426 1347 3496 vix
1361 3451 1452 3497 ana-

178 3544 464 3615 stomosantibus
473 3587 521 3600 -
532 3545 651 3615 saltim
667 3570 687 3613 a
699 3544 852 3616 reticulo
863 3546 942 3616 laxo
959 3541 1171 3643 Gigartinae
1185 3544 1289 3640 longe
1303 3547 1450 3618 diversis

178 3663 562 3758 -longitudiualibus
587 3679 623 3736 et
642 3689 765 3737 versus
790 3666 1035 3759 periphericas
1056 3666 1202 3737 cellulas
1223 3666 1371 3760 oblique
1389 3691 1452 3736 ex-

176 3783 364 3854 euntibus,
390 3783 541 3854 Cellulae
555 3785 791 3879 periphericae
804 3783 974 3879 pluribus
989 3785 1149 3857 seriebus
1163 3771 1359 3879 dispositae,
1381 3789 1451 3856 mi-

176 3913 277 3972 nutae
288 3895 495 3974 rotundatas
516 3904 589 3974 sere
609 3899 773 3977 Chondri
784 3959 793 3992 ,
817 3928 884 3974 nec
907 3906 944 3973 in
963 3903 1024 3974 iila
1045 3903 1305 3976 moniliformia
1322 3911 1450 3980 Grate-

179 4019 319 4118 loupioe
332 4024 502 4094 radiatim
515 4038 697 4096 exeuntes.

225 4164 394 4260 Agenore
405 4167 626 4239 Grovilleano
642 4169 795 4241 excludo
812 4177 860 4244 G
875 4175 1083 4244 Burmanni
1093 4185 1127 4242 et
1138 4176 1183 4250 G.
1193 4157 1377 4271 crussisol'
1362 4201 1449 4258 rum,

175 4308 259 4379 quae
274 4286 378 4356 nobis
399 4288 611 4385 Gigartinoe
626 4293 761 4384 species
779 4306 889 4382 sunt,
907 4295 1005 4363 idem
1020 4295 1140 4364 forsan
1162 4294 1208 4363 de
1224 4287 1269 4366 G.
1286 4301 1449 4366 cornicu-

174 4403 366 4512 lutovalct
390 4411 434 4478 G.
449 4402 713 4520 Labillardieri
722 4413 768 4482 ad
784 4438 897 4508 genus
913 4388 1059 4487 Subrio?
1080 4415 1166 4485 nob
1187 4397 1447 4513 (Phyllopbora

175 4505 317 4596 vittata
338 4526 455 4620 Grec.)
479 4507 614 4617 refer03
643 4509 687 4608 G
712 4532 890 4608 mirabile
900 4561 972 4614 una
994 4558 1080 4609 cum
1103 4534 1271 4610 Cleandro
1291 4551 1447 4612 rostrato

176 4667 290 4746 genus
305 4649 499 4744 Herr'ngioe
510 4653 595 4736 nob.
611 4657 809 4730 constituit
