3386 5468
818 332 940 427 ,ιι
964 367 1012 384 -

289 485 486 559 continere.
505 483 604 554 Licet
617 463 829 580 opinionem
851 495 959 554 tantae
982 481 1224 574 auctoritatis,
1238 481 1490 596 observatione
1507 497 1548 556 ut

289 605 431 676 videtur
447 601 651 696 fundatam,
677 602 923 706 contradicere
937 626 1011 673 ιιοιι
1024 601 1182 674 audeam
1194 587 1413 695 ‚sepissime
1426 589 1549 720 tamen

287 724 364 796 baec
388 745 521 816 organa
546 721 763 818 examinasse
785 732 823 792 et
839 745 1034 820 nunquam
1051 719 1236 795 ᾱίιίιὶοιιίι
1257 713 1450 814 cujusdam
1471 745 1550 794 ves·

286 844 369 940 rigia
389 864 448 911 me
468 842 642 915 iuvenisse
663 838 851 914 confiteor.
876 839 1011 913 Contra
1035 839 1297 936 opinionem
1271 837 1341 910 Ccl¹
1357 838 1550 936 Montagne

285 963 321 1036 id
339 983 489 1055 quoquc
504 958 632 1030 afferre
655 959 751 1047 licet,
765 959 867 1056 quod
890 957 1116 1032 uemathecia
1130 982 1216 1030 cum
1231 960 1355 1032 fructu
1370 961 1550 1062 capsulari

284 1078 459 1152 ineodem
470 1079 661 1150 individuo
676 1078 786 1166 semel
799 1101 875 1150 esse
886 1079 1028 1160 iuuenta
1042 1076 1166 1175 (Grec.
1182 1077 1273 1177 Arg.
1292 1070 1391 1182 Brit.¹
1404 1103 1442 1176 p.
1465 1067 1551 1176 isa)

283 1211 318 1270 et
338 1198 484 1270 illorum
509 1198 693 1271 crescendi
710 1197 866 1273 modum
889 1222 911 1269 a
931 1196 1086 1270 normali
1106 1197 1440 1293 sphaerosporarum
1465 1222 1550 1269 evo-

282 1315 430 1400 lutionis
455 1317 585 1388 ordine
607 1297 785 1388 recederess
819 1313 882 1388 llis
906 1305 1108 1389 rationibus
1131 1316 1279 1404 ductus,
1307 1316 1415 1389 aliam
1439 1305 1550 1413 expliss

282 1436 462 1506 cationem
481 1434 719 1507 nematheciis
731 1434 965 1509 tribuendam
984 1461 1079 1526 esse,
1095 1461 1162 1508 uec
1178 1439 1283 1534 longe
1299 1439 1452 1532 petitam
1467 1439 1547 1508 dari

282 1579 405 1650 posse,
432 1555 654 1660 putaverim
672 1554 866 1628 sectionem
890 1555 988 1628 euim
1009 1555 1148 1629 frondis
1163 1552 1399 1654 capsulfiroe
1422 1547 1548 1628 Chen-¹

281 1674 337 1746 dri
357 1673 541 1770 Norvegioi
563 1673 957 1755 observanti‚stratum
979 1676 1135 1748 exterius
1158 1677 1297 1749 frondis
1312 1675 1371 1771 (iu
1392 1675 1501 1747 sterili
1527 1701 1547 1747 e

279 1795 417 1866 cellulis
433 1777 755 1890 granuliformibus
776 1793 1035 1892 constitutum)
1045 1779 1121 1868 esse
1136 1797 1173 1866 iu
1187 1794 1390 1884 fructifera,
1413 1780 1548 1890 nempe

279 1916 322 1986 iis
345 1915 433 1986 locis
461 1935 545 2008 quae
572 1914 728 2007 capsulis
756 1916 978 2010 respondent
1003 1927 1040 1984 et
1058 1915 1243 2009 praecipue
1259 1914 1369 1987 unius
1396 1916 1546 2009 pagium

278 2033 397 2104 multo
412 2034 523 2127 magis
536 2056 696 2108 crassum
709 2046 745 2105 ιι
758 2058 879 2108 revera
892 2032 963 2107 iilis
975 2032 1284 2128 moniliformibus
1301 2036 1543 2106 constitutum

277 2151 481 2257 apparebit.
509 2150 545 2224 Si
577 2154 701 2249 itaque
730 2153 808 2226 haec
829 2139 1015 2225 filamenta
1047 2151 1206 2248 emplius
1239 2152 1363 2224 adbuc
1402 2143 1545 2223 evoluta

278 2268 337 2370 (et
369 2271 487 2342 forsan
514 2269 778 2342 abortientibus
818 2273 932 2363 sporis
962 2271 1130 2367 nutrita)
1160 2284 1361 2365 putamus,
1394 2271 1544 2362 omnino

278 2401 501 2498 structuram
534 2389 853 2468 Nematbecioruur
889 2390 1119 2492 haberemus.
1153 2391 1386 2463 Nematbecia
1419 2379 1544 2508 itaque

275 2492 350 2582 esse
369 2532 502 2605 organo
523 2491 723 2582 luxurianti
744 2512 964 2606 vegetatione
991 2533 1012 2580 e
1036 2510 1191 2582 normali
1206 2509 1394 2582 functione
1421 2533 1542 2581 aversa

273 2641 310 2698 et
332 2628 497 2724 partibus
520 2629 723 2700 accessoriis
751 2629 1013 2742 (Pericarpio)
1038 2643 1113 2701 tota
1136 2631 1333 2702 constituta
1357 2632 1543 2702 existima-

272 2751 396 2837 terim.

320 2869 363 2940 ln
387 2870 545 2942 favorem
573 2864 683 2963 hujus
708 2870 889 2964 opinionis
914 2871 1064 2968 insuper
1082 2867 1299 2942 afferenda·
1327 2893 1338 2940 ι
1347 2833 1542 2988 ‘verrucae

270 2990 470 3084 spongiosae
487 2990 718 3084 fructigerae
709 3013 761 3061 ιιι
769 2985 924 3080 Ροὶγίᾰι
944 3007 980 3061 ιι
998 2991 1233 3088 Squamorio,
1257 2999 1440 3064 structura
1458 3010 1540 3056 om-

270 3109 357 3179 nino
383 3110 648 3197 convenientes,
661 3108 791 3180 eodem
808 3101 920 3179 modo
941 3100 1147 3179 evolutione
1168 3091 1343 3202 peculiari
1361 3107 1461 3176 strati
1477 3127 1539 3174 cx·

269 3227 409 3300 terioris
429 3238 518 3300 ortae
531 3239 637 3312 sunt3
656 3239 694 3298 et
717 3228 755 3299 in
784 3229 826 3299 iis
855 3226 998 3300 fructus
1020 3228 1116 3324 ipsos
1137 3228 1343 3320 provenire,
1368 3225 1538 3296 observa-

268 3347 365 3417 tione
378 3325 583 3438 probatum'
605 3348 684 3418 erit.
711 3327 749 3417 '2⁰
763 3348 835 3418 Noc
851 3346 931 3419 talis
946 3373 968 3417 a
982 3346 1129 3440 propria
1152 3326 1389 3416 destinatione
1412 3354 1538 3414 mutu·

268 3461 393 3548 tionis,
405 3464 443 3533 in
469 3464 547 3536 aliis
567 3466 653 3561 algis
679 3466 873 3536 desiderari
899 3464 1070 3535 ridentur
1089 3463 1277 3556 exempla3
1303 3463 1331 3533 si
1347 3464 1444 3532 onim
1460 3485 1540 3567 ιιοιιΙ

266 3582 368 3655 ιιΙιΙι
391 3579 495 3654 fallor
518 3597 606 3654 sunt
623 3582 786 3682 ejusdem
806 3595 946 3654 naturae
968 3603 1115 3676 organa,
1146 3603 1308 3675 quorum
1335 3606 1419 3652 mox
1442 3581 1534 3651 infra

264 3727 381 3774 sermo
404 3703 483 3776 erit.
504 3741 551 3756 -
565 3701 602 3774 si
620 3704 744 3799 itaque
765 3705 841 3775 hato
861 3714 984 3776 nostra
997 3701 1043 3771 de
1061 3715 1194 3774 natura
1219 3691 1531 3772 nematbeciorum

262 3822 386 3914 opinio
411 3847 493 3895 vera
513 3824 580 3907 sit,
609 3821 708 3895 haud
731 3825 869 3894 mirum
894 3822 983 3894 siin
1005 3803 1135 3891 eodem
1158 3820 1344 3892 individuo
1368 3812 1537 3889 fructum

260 3940 496 4046 capsularum
523 3941 724 4014 normalem
752 3965 839 4014 cum
870 3939 1103 4014 nematheciis
1134 3941 1289 4012 mixtum
1311 3931 1533 4024 invenimus;

259 4081 327 4128 nec
353 4058 577 4151 impossibile
596 4061 688 4132 foret
710 4061 977 4156 sphaerosporas
999 4062 1092 4131 inter
1116 4055 1177 4128 fila
1202 4054 1417 4127 nemathecii
1428 4108 1441 4145 ,
1469 4056 1532 4127 sed

258 4175 298 4246 in
322 4175 401 4248 eliis
418 4176 628 4265 individuis,
643 4175 1034 4254 attolentes-obvenire
1048 4201 1151 4272 posse
1165 4201 1175 4264 ;
1191 4178 1389 4248 rixantem
1408 4175 1446 4244 in
1472 4197 1533 4244 or·

260 4294 381 4366 ticulis
408 4279 571 4390 ipsorum
596 4295 745 4367 filorum
770 4299 1035 4391 sphaerosporos
1058 4306 1158 4398 natas
1185 4304 1443 4389 exspectarem.
1459 4293 1531 4364 Nec

260 4399 496 4484 uematbeciis
516 4411 600 4507 ipsis
614 4417 880 4510 propagationis
899 4416 1126 4488 functionem
1143 4415 1318 4510 denegare
1336 4413 1529 4498 voluerim3
