3378 5464
756 417 803 430 -
832 358 901 448 rso
927 379 993 431 -2

272 515 346 578 llab.
367 515 403 576 ad
416 515 531 596 lapides
546 519 578 576 in
591 509 715 578 sinubus
735 519 937 580 limosioribus
951 523 1201 600 tranquillissimis
1220 527 1373 603 utriusque
1392 527 1497 600 maris;

230 625 263 682 in
276 624 387 706 Veneta
401 621 509 683 lacuna
522 624 760 703 splendidissima
773 624 841 706 (aa
854 626 994 707 pedalis);
1007 632 1138 708 inportu
1151 630 1234 688 Villae
1247 633 1376 694 Franeae.

234 783 315 878 278.
337 786 386 853 H.
405 777 594 906 divergerzs
607 781 691 856 nob.
706 781 793 882 Sph.
808 781 997 884 divergens
1009 790 1084 885 Ag.
1100 811 1152 886 sp.
1167 787 1257 886 Alg.
1271 815 1307 884 p.
1322 789 1403 860 525.

274 932 354 993 Hah.
375 935 501 994 inmari
521 933 687 1006 Adriati003
712 935 749 994 ad
765 937 918 998 Venetiam
937 939 1073 1022 legerunt
1092 939 1253 1018 Rechingqr
1275 949 1305 1000 et
1325 939 1500 1001 Zanardini.

232 1037 389 1100 structura
404 1039 464 1098 fere
478 1036 518 1096 H.
535 1039 715 1115 conferooidis
730 1051 758 1100 et
770 1040 840 1101 huic
849 1054 930 1102 certe
945 1047 1091 1122 proxima.

232 1221 317 1296 279.
338 1205 390 1274 Η.
408 1195 650 1296 muroisomris
661 1205 832 1274 Lamour.
850 1201 925 1298 Ag.
939 1223 991 1299 sp.
1004 1225 1041 1298 p.
1060 1201 1142 1272 526.

271 1349 352 1410 Hah.
367 1350 404 1410 ad
416 1369 484 1411 saxa
495 1367 643 1431 rupesque
657 1354 688 1410 in
703 1351 797 1410 limite
810 1354 899 1412 maris
915 1355 1081 1432 apertioris.
1189 1419 1193 1425 ¹

235 1505 314 1580 280.
329 1513 379 1582 H.
401 1512 585 1582 Rissoana
598 1508 679 1582 nob.
696 1508 783 1609 Spin
798 1503 1022 1622 divaricatus
1036 1467 1112 1609 Ag.
1129 1493 1248 1608 ‘Ausa
1269 1537 1304 1581 n.
1320 1513 1375 1608 75.

273 1661 352 1720 Hab.
368 1661 406 1720 ad
423 1680 491 1724 saxa
506 1663 537 1720 iu
553 1662 677 1720 sinubus
694 1662 899 1722 limosicribus
914 1661 1163 1738 tranquillissimis
1178 1665 1331 1739 utriusque
1348 1665 1451 1732 maris3
1470 1664 1501 1720 in

234 1764 335 1824 salinis
348 1768 528 1844 Tergestinis
542 1774 573 1826 et
584 1766 620 1824 ad
633 1764 790 1854 Venetiam
806 1764 843 1828 C.
859 1762 998 1844 qurdh!
1012 1741 1142 1845 inportu
1159 1767 1242 1826 Villae
1258 1771 1378 1828 Francae
1393 1765 1464 1841 Ipse.

276 1925 419 2002 Caespites
431 1923 546 1984 diffusae
556 1923 634 1985 laxe
642 1934 671 1982 at
685 1925 923 1984 intricatissimae.
941 1924 1070 1984 Frondes
1084 1929 1208 1986 omnino
1222 1935 1353 1986 recentes
1366 1927 1504 2004 rigidius·

220 2027 310 2099 ,culae
328 2036 357 2086 et
372 2027 580 2104 fragilissimae,
600 2031 641 2088 ita
662 2038 693 2088 ut
713 2029 812 2108 potius
834 2031 864 2086 in
884 2029 1047 2110 fragmenta
1060 2031 1233 2088 dilabuntur
1249 2050 1339 2107 quam
1354 2033 1505 2106 integrum

235 2133 386 2211 specimen
407 2127 580 2202 extricetur,
597 2134 629 2190 in
647 2150 713 2190 aere
734 2149 806 2191 vero
821 2151 891 2192 mox
906 2134 1062 2208 flexiles,lr
1085 2137 1099 2194 5
1116 2135 1284 2214 pollicares,
1301 2136 1505 2212 irregulariter

234 2253 373 2309 ramosae,
386 2235 501 2294 inferne
512 2236 762 2311 subdichotomae,
780 2257 905 2318 superne
921 2242 1010 2296 ramis
1030 2239 1199 2298 minoribus
1215 2243 1365 2299 instructae
1388 2250 1417 2298 et
1433 2259 1504 2319 por-

235 2348 331 2398 totam
360 2323 580 2416 longitudinem
602 2341 725 2400 ramulis
751 2340 919 2399 minorihus
950 2329 1082 2418 undique
1111 2342 1330 2418 egredientibus
1358 2343 1503 2416 obsessae,

238 2443 322 2522 apice
349 2452 431 2502 recto
462 2443 561 2503 nudae.
585 2445 706 2530 llamuli
731 2443 859 2502 subulati
890 2447 1050 2504 acuminati
1083 2445 1306 2526 subsimpliees,
1340 2427 1504 2524 majoribus

236 2549 336 2608 denuo
347 2549 533 2628 eompos'itis.
546 2549 639 2608 Color
648 2549 772 2607 ssavidns
782 2549 1000 2626 aliquantulum
1011 2549 1187 2628 dlaphanus.
1203 2549 1328 2608 Cellulae
1342 2547 1506 2612 admodum
1582 2626 1587 2636 ·

236 2651 322 2726 laxae,
340 2653 697 2733 prismrtienpclyedrae,
717 2653 842 2712 dimidio
860 2653 1014 2729 longiores
1035 2671 1125 2728 quarn
1144 2669 1248 2711 crassae
1264 2669 1323 2710 non
1342 2655 1374 2710 in
1398 2651 1505 2710 eodem

236 2757 327 2839 plano
349 2757 511 2836 disposite,
535 2768 672 2818 centrum
694 2767 857 2835 occupant;
879 2755 1046 2834 peripheria
1066 2757 1257 2814 constituitur
1275 2751 1394 2814 cellulis
1410 2758 1506 2832 magis

238 2859 407 2920 rotundatis
424 2859 603 2936 minoribus,
624 2860 703 2918 unde
721 2860 892 2942 superficies
909 2859 1016 2938 plantae
1034 2859 1155 2918 cellulas
1176 2860 1257 2937 quasi
1273 2859 1440 2934 minoribus
1456 2877 1506 2918 rc-

237 2961 333 3044 pletas
344 2972 502 3024 monstrat.
539 2999 540 3004 κ

286 3122 336 3189 H.
351 3112 575 3216 muscisormi
593 3118 667 3188 sine
683 3116 797 3186 dubio
812 3116 988 3210 presumo,
1014 3126 1052 3184 at
1071 3115 1163 3184 rami
1175 3113 1287 3206 magis
1300 3111 1503 3198 divaricati‚

237 3238 357 3331 apices
368 3237 458 3308 recti
472 3245 507 3306 et
519 3236 708 3329 caespitum
722 3235 870 3306 habitus
882 3235 1056 3304 diversus.
1074 3235 1213 3304 Nomen
1231 3231 1505 3326 Agardhianum

239 3370 383 3429 mutare
407 3368 554 3428 coactus
577 3381 674 3442 sum,
700 3357 823 3449 planta
848 3351 1170 3425 Nova-hollandie
1200 3350 1328 3421 eodem
1359 3351 1507 3422 nomino

237 3486 343 3548 antea
358 3475 431 3572 jam
445 3477 566 3570 generi
582 3475 799 3547 introducta.

339 3727 467 3778 nxxvrr.
494 3703 709 3776 Graculum
735 3707 846 3775 Grec.
861 3701 941 3799 Alg.
970 3704 1075 3772 Britt.
1099 3725 1135 3796 p.
1163 3721 1244 3771 121.
1262 3700 1404 3796 repono.

288 3909 399 3980 Frons
413 3911 551 3982 cellulis
566 3905 976 4006 oblon'gc-cylindraceis
991 3893 1153 4000 magnis,
1179 3905 1370 4000 granulosa
1394 3915 1509 3975 mate·

238 4030 291 4100 ria
304 4025 403 4099 facile
416 4031 584 4102 effluente
598 4032 754 4124 repletis,
771 4053 893 4102 versus
908 4025 1139 4124 superficiem
1158 4029 1196 4097 in
1220 4023 1282 4096 fila
1300 4021 1507 4095 moniliior-

237 4148 311 4219 mia
334 4147 543 4220 densissime
566 4151 696 4245 stipata
717 4149 937 4221 abeuntibus
959 4160 1138 4222 contexta.
1171 4147 1326 4218 Fructus
1348 4145 1505 4238 duplex:

239 4265 413 4340 Coccidia
422 4269 697 4364 hemisphaerica
708 4268 901 4366 spiculata,
911 4267 1155 4364 glomerulum
1167 4289 1360 4360 sperarum
1373 4265 1508 4346 oblon-

237 4401 366 4484 garum
380 4413 422 4460 ex
435 4389 601 4485 placenta
614 4391 762 4463 centrali
777 4389 1041 4486 egredientium
1063 4389 1159 4460 intra
1178 4387 1425 4482 pericarpium
1437 4383 1509 4456 filis

237 4508 547 4584 moniliiormibus
565 4511 784 4584 densissimis
796 4513 1041 4584 constitutum
1061 4509 1227 4590 foventia,
1243 4505 1509 4605 Sphoerosporoe

239 4628 401 4726 oblengoe
414 4632 453 4704 in
481 4631 618 4704 cellulis
642 4631 877 4727 peripheriois
900 4631 1107 4705 nidulantes
1127 4630 1310 4728 (denique
1326 4630 1363 4700 in
1379 4649 1505 4723 speras
