3378 5464
670 385 720 404 -
744 341 815 418 429
839 387 889 442 ·,

146 520 230 570 vero
247 499 362 592 quod,
379 498 462 570 lieet
475 501 671 593 specimina
682 501 819 597 anglica
831 499 869 571 P.
885 498 1035 594 fibrutoe
1047 513 1132 572 sunt
1145 504 1276 576 nostris
1288 505 1413 577 adhuc

143 617 292 713 majora,
315 618 476 690 articulis
489 617 615 689 'tamen
629 622 746 694 multo
763 621 990 692 brevioribus
1005 623 1200 715 gaudeant.
1221 623 1260 692 P.
1274 624 1414 698 roseolu

142 741 240 836 Ag„
265 763 349 834 quae
368 745 410 812 P.
429 735 581 835 fibratoe
608 765 833 838 synonymon
852 743 1072 838 plerumque
1094 745 1333 838 existimatur,
1360 760 1414 819 est

143 837 249 953 longe
278 860 417 932 diversa
444 835 590 952 planta,
619 861 739 932 colore
770 887 885 948 roseo,
915 863 1024 932 ramis
1052 865 1231 956 primariis
1254 868 1411 960 virgatis,

143 979 367 1052 secundariis
424 981 644 1051 tenuissimis
693 981 1202 1076 dichotomo-subiastigiatis
1246 985 1382 1057 lbscicu
1397 1025 1415 1041 -

140 1097 241 1186 latis,
269 1098 422 1170 ramulis
449 1102 593 1183 erectis,
610 1100 723 1172 axillis
743 1103 876 1182 acutis,
895 1101 1054 1174 articulis
1082 1103 1264 1174 bivenosis
1281 1106 1416 1178 diame-

142 1231 199 1290 tro
222 1241 342 1314 usque
368 1217 455 1314 Apio
479 1219 705 1316 longioribus
722 1224 990 1320 distinguenda.
1009 1265 1057 1279 ·-
1073 1223 1309 1322 Synonymon
1333 1229 1418 1299 alla·

141 1351 225 1412 tum
241 1340 292 1413 Fl.
312 1339 417 1437 Capr.
434 1341 509 1412 hue
524 1345 705 1436 pertinere
727 1358 907 1442 procerte
932 1345 1112 1416 affirmare
1139 1371 1213 1416 non
1240 1347 1412 1433 audeam;

141 1461 335 1556 descriptio
361 1472 486 1534 autem
511 1461 596 1533 data
619 1464 657 1534 in
680 1477 844 1536 nostram
875 1464 979 1536 haud
1000 1465 1093 1536 male
1115 1467 1284 1560 quadrat.
1308 1467 1417 1562 Magis

140 1580 263 1651 differt
288 1579 481 1674 descriptio
501 1576 574 1653 Cer.
603 1587 804 1656 Morisiani
823 1591 918 1655 Bert.
943 1588 1047 1681 stirp.
1076 1584 1184 1658 Sard.
1201 1612 1239 1682 p.
1267 1589 1326 1674 25,
1353 1589 1418 1680 qui

139 1698 186 1768 ab
209 1701 421 1771 auctoribus
438 1695 537 1772 florae
556 1699 733 1796 Caprariae
749 1704 798 1775 ‘ad
812 1705 979 1775 eamdem
993 1707 1162 1792 refertur,
1178 1731 1259 1776 mee
1276 1707 1417 1802 judicio

139 1822 181 1925 in
192 1820 465 1893 antecedentem
480 1825 604 1919 potius
618 1824 762 1896 cadens.
778 1823 860 1896 Sine
876 1826 1140 1920 speciminibus
1156 1840 1281 1900 autem
1297 1826 1417 1897 ornnis

139 1937 348 2034 conjectura
371 1967 473 2014 vana.
985 1930 989 1938 Α
1346 1939 1350 1948 “

141 2145 224 2239 239.
238 2151 282 2218 P.
297 2146 577 2246 variegataAg.
590 2173 641 2246 sp.
656 2173 694 2245 p.
712 2151 751 2221 81
772 2151 941 2245 :caespite
954 2151 1247 2246 majorilubrico,
1266 2152 1335 2225 iilis
1346 2155 1406 2247 pri

188 2269 313 2340 mariis
327 2294 347 2339 a
362 2268 439 2340 basi
454 2269 653 2342 articulatis
666 2269 803 2341 inferne
819 2271 1041 2342 dichotomis
1058 2296 1218 2367 superne
1228 2274 1421 2344 lateraliter

188 2391 342 2459 ramosis
366 2390 563 2484 fastigiatis,
581 2393 690 2461 ramis
712 2393 1062 2485 erecto-patentibus
1087 2393 1260 2488 elongatis
1280 2395 1421 2487 simpli-

188 2509 358 2608 ciusculis
368 2509 864 2598 ssaccidissimissubalternis,
875 2511 1272 2587 articulisinlerioribus
1286 2491 1420 2584 diamess

187 2640 245 2698 tro
268 2630 487 2724 aequalibus,
508 2632 637 2701 mediis
660 2631 1162 2728 sesqui-duplo-longioribus
1189 2611 1403 2707 a-b'venosis

179 2779 257 2839 Hab.
276 2781 313 2840 ad
326 2782 410 2860 palos
425 2793 454 2840 et
469 2802 538 2843 saxa
552 2785 674 2842 sinuum
693 2785 924 2862 tranquiliorum
939 2797 969 2844 et
992 2786 1141 2846 canalium
1155 2789 1254 2846 minus
1271 2786 1414 2866 limpido·

137 2901 208 2941 rum
228 2886 318 2942 maris
333 2885 490 2954 Adriatici3
507 2885 538 2943 in
553 2889 675 2962 regione
693 2888 824 2946 Venetiae
847 2889 1093 2966 frequentissima,
1114 2909 1209 2969 usque
1229 2892 1266 2950 ad
1287 2893 1419 2951 insulam

139 2987 222 3062 Pago
238 2987 395 3046 Dalmatiae
408 2987 506 3046 saltim
525 2989 716 3048 descendens

180 3121 299 3200 Caespes
313 3116 370 3180 l·3
386 3122 548 3200 polliceris,
565 3142 601 3180 ex
615 3127 960 3202 sanguineo-violaceus,
978 3126 1034 3187 filis
1053 3129 1245 3188 inferioribus
1267 3133 1298 3188 in
1321 3133 1419 3192 exsic-

139 3235 204 3288 cata
219 3208 407 3304 ob'genicula
421 3227 546 3286 obscura
555 3225 679 3306 pulchre
689 3231 858 3306 variegatis,
873 3231 1076 3310 superioribus
1086 3235 1268 3292 tenuissimis
1281 3234 1416 3308 lubricis,

138 3329 300 3391 laevissimo
315 3341 400 3391 motu
419 3330 640 3412 fluctuantibus.
658 3331 721 3390 Fila
736 3335 878 3412 primaria
893 3337 943 3392 vix
964 3344 1091 3408 salacea,
1108 3335 1146 3393 ad
1167 3336 1307 3412 genicula
1329 3337 1420 3398 levis-

140 3438 216 3495 sime
229 3435 354 3510 nodosa,
371 3437 468 3514 longis
483 3437 628 3496 distantiis
648 3435 834 3506 dichotoma,
858 3436 988 3495 articulis
1008 3457 1088 3496 utine
1108 3439 1246 3502 2l1nunc
1266 3445 1418 3501 tantum6

142 3539 343 3598 dichotomias
357 3540 626 3613 intercedentibus,
648 3539 825 3598 inferiorum
847 3527 991 3599 distantiis
1012 3541 1189 3620 plerumque
1212 3543 1411 3630 longioribus.

140 3645 228 3703 Rami
241 3645 349 3703 eodem
365 3644 457 3704 modo
478 3635 690 3726 decompositi,
711 3645 835 3712 ramulis
851 3665 921 3704 vero
942 3647 1145 3725 superioribus
1159 3647 1224 3727 plus
1246 3649 1416 3709 lateralibus

138 3751 252 3807 sensim
276 3751 431 3823 attenuati,
459 3745 556 3808 ultimi
580 3751 710 3825 elongati
738 3752 822 3808 curti
849 3751 972 3808 ramulis
999 3755 1190 3830 sparsissimis
1217 3756 1325 3822 ornati,
1355 3753 1442 3812 basi'

142 3852 254 3912 leviter
266 3867 295 3912 et
309 3855 392 3934 apice
413 3854 587 3930 longissimo
606 3855 759 3912 attenuati.
783 3852 888 3912 Axillae
907 3856 1076 3930 superiores
1101 3865 1213 3930 acntae,
1236 3855 1347 3914 inlimae
1365 3876 1422 3936 pa÷

138 3968 247 4034 tentes,
258 3977 342 4018 ramo
358 3958 555 4018 decumbente
570 3957 727 4035 aliquando
741 3957 902 4018 radicante.

141 4119 221 4204 240.
233 4112 271 4184 P.
290 4139 478 4211 purpurea
498 4112 578 4186 nob.
592 4141 599 4184 ι
615 4117 760 4209 caespite
782 4112 911 4208 majori
924 4113 1080 4202 lubrico,
1100 4115 1169 4186 filis
1190 4118 1369 4212 primariis
1397 4143 1418 4186 a

191 4235 270 4305 basi
291 4236 492 4307 articulatis
505 4236 642 4306 inferne
655 4233 966 4306 sub-dichotomis
985 4258 1140 4328 superne
1154 4238 1345 4308 lateraliter
1363 4263 1419 4316 ra-

194 4358 325 4442 mosis,
356 4358 466 4428 ramis
493 4359 594 4451 apice
609 4355 823 4451 penicillatis
841 4354 1065 4447 patentibus,
1087 4359 1236 4428 ramulis
1251 4357 1421 4452 elongatis

195 4477 374 4568 utrinque
398 4477 503 4570 longe
524 4478 723 4548 attenuatis
740 4475 971 4564 subalternis,
991 4477 1149 4549 articulis
1160 4479 1337 4550 diametro
1350 4501 1423 4550 ses-

159 4662 163 4670 ,
206 4595 500 4692 quilongioribus
521 4596 711 4685 bivenosis.

1248 4723 1266 4784 9
