3378 5464
667 386 887 460 -lll-

133 542 365 616 constituunt
382 552 470 612 sunt
487 537 721 612 interioribus
740 541 841 614 tubis
858 539 977 613 multo
992 542 1165 630 minores,
1181 543 1279 614 unde
1301 542 1402 617 frons

133 687 175 736 ex
193 659 386 757 superficie
399 661 472 732 visa
487 659 674 732 reticulata
687 673 840 754 apparet
850 673 886 733 et
905 661 1080 734 continua
1097 663 1232 734 dicitur
1253 661 1423 759 (Tribus¹

132 782 228 880 4-5).
250 781 473 874 Plerumque
497 782 534 852 in
567 781 735 852 inferiore
765 793 912 852 tantum
940 780 1064 873 planta
1098 781 1178 852 talis
1204 781 1403 876 siphonum

132 903 331 976 subdivisio
354 899 525 984 eflicitur,
550 899 649 970 unde
664 901 703 969 in
727 899 977 994 superioribus
1001 902 1111 972 ramis
1141 902 1209 994 ipsi
1233 901 1404 994 siphouss

131 1023 351 1120 peripherici
372 1032 523 1104 suntet,
542 1045 584 1090 ex
608 1017 800 1114 superficie
820 1021 898 1107 visi,
919 1019 1098 1116 regulares
1121 1033 1315 1114 apparent;
1343 1021 1406 1094 sed

132 1141 331 1237 aliquando
343 1145 395 1228 (in
413 1148 456 1213 Ρ.
467 1137 727 1238 subcontinuat)
749 1163 868 1234 usque
891 1140 927 1211 in
946 1141 1093 1213 ultimos
1109 1140 1269 1212 ramulos
1287 1143 1405 1212 conti·

133 1274 271 1335 nuatur
295 1261 492 1335 subdivisio
516 1260 696 1334 tuborum
711 1273 748 1332 et
772 1258 915 1333 articuli
929 1284 973 1332 ex
996 1258 1188 1355 superficie
1202 1262 1267 1332 visi
1280 1285 1407 1355 aspec-

134 1397 216 1456 tum
240 1382 539 1478 polysiphonium
565 1391 770 1478 assumunt,
791 1379 874 1452 licet
894 1380 1125 1474 principales,
1152 1377 1289 1474 quibus
1308 1392 1408 1452 exte-

135 1507 247 1576 riores
273 1504 345 1574 orti
377 1514 486 1592 sunt,
518 1523 640 1572 revera
674 1522 816 1593 semper
843 1500 946 1594 quini
977 1512 1140 1572 manent.
1170 1542 1214 1554 -
1243 1503 1285 1572 ln
1319 1502 1408 1574 serie

135 1623 295 1696 secunda
319 1622 422 1694 adest
437 1622 553 1694 tubus
578 1620 745 1693 centralis
762 1618 893 1712 major,
913 1621 1009 1692 circa
1023 1645 1133 1718 quem
1147 1620 1315 1694 radiatim
1331 1622 1407 1694 dis·

135 1745 245 1838 positi
262 1755 349 1816 suot
370 1742 548 1839 Siphones
565 1741 852 1814 numerosissimi
872 1741 1106 1840 (vo-15-2o),
1120 1743 1185 1836 qui
1202 1745 1239 1814 in
1252 1744 1408 1814 motione

136 1863 361 1936 transversali
371 1861 529 1934 formam
543 1861 682 1934 babent
692 1861 1078 1954 oblongo-eboratam,
1088 1863 1150 1936 sed
1161 1887 1203 1933 ex
1217 1861 1410 1955 superlicio

135 1987 200 2056 visi
217 1983 406 2079 cylindrici
416 1994 593 2078 apparent
605 1995 653 2070 et,
671 1982 850 2055 diametro
863 1985 1016 2054 breviori
1032 1995 1179 2054 tantum
1192 1985 1406 2078 conspicuo,

135 2105 364 2200 angustisimi
381 2116 480 2192 sunt,
497 2116 609 2197 atque
628 2103 678 2172 ita
699 2115 796 2173 arcte
808 2103 962 2174 invicem
979 2103 1138 2198 adpressi
1159 2114 1202 2174 ut
1218 2103 1409 2174 interstitia

136 2227 292 2298 obscura
312 2226 394 2322 (nec
408 2227 499 2297 utin
519 2222 756 2294 antecedente
768 2225 857 2294 serie
877 2221 1038 2322 byalina)
1051 2223 1262 2298 obveniunt.
1281 2221 1409 2308 Quum

136 2348 286 2442 iusuper
311 2348 380 2441 ipsi
413 2345 583 2440 siphones
613 2341 862 2416 obscurissimi
884 2355 970 2415 sunt
998 2343 1196 2415 translucet
1217 2343 1258 2412 in
1288 2345 1410 2416 medio

136 2469 253 2540 tubus
275 2467 442 2540 centralis
468 2465 571 2537 nulla
593 2464 745 2535 materia
771 2463 941 2557 repletus,
968 2467 1069 2538 unde
1099 2463 1246 2535 frondes
1276 2465 1410 2536 barum

137 2591 340 2686 specierum
368 2590 473 2682 quasi
492 2586 587 2658 linea
612 2584 756 2680 hyalina
778 2582 1031 2677 longitudinali
1052 2594 1210 2671 notatae,
1232 2583 1300 2655 sub
1316 2584 1410 2655 lente

137 2721 322 2808 apparent.
340 2707 516 2802 Siphones
533 2709 606 2778 lere
624 2729 764 2800 semper
795 2703 937 2773 indivisi
962 2713 1110 2771 inanent
1124 2715 1161 2773 et
1175 2703 1408 2797 peripherici,

138 2830 238 2902 unde
251 2830 289 2900 in
300 2827 407 2921 longe
423 2827 590 2922 plurimis
601 2824 791 2918 speciebus
804 2835 879 2894 tcta
892 2821 991 2893 lrons
1003 2823 1193 2894 articulata
1205 2834 1272 2909 est,
1285 2810 1411 2918 siphn-

136 2949 322 3042 nibusquc
354 2945 583 3041 regularibus
617 2939 910 3035 superficialibus
948 2966 1120 3033 percursa
1162 2939 1311 3036 (Tribus
1346 2941 1411 3036 6-7

137 3090 173 3146 et
184 3099 237 3170 sp.
259 3085 405 3144 ernon.
425 3099 433 3142 :
446 3077 491 3156 P,
502 3073 721 3167 nigrescens,
735 3070 778 3146 P,
784 3059 999 3160 fastigiata,
1015 3069 1058 3132 P.
1068 3059 1320 3160 Agardltiana
1330 3065 1413 3162 etc.)

138 3191 665 3284 rariusdividunturSiphones
675 3184 1214 3256 etstratoexteriericelularum
1224 3185 1412 3255 minorum

139 3317 418 3388 circumdantur
433 3326 468 3384 et
486 3313 586 3382 lroras
603 3323 694 3380 tunc
712 3307 886 3374 continuo
909 3317 1060 3396 apparot
1087 3302 1143 3396 (P.
1165 3300 1343 3400 Wnlfeni,
1367 3310 1411 3375 Ρ.

139 3434 389 3532 complanata)
408 3474 454 3486 -
475 3430 631 3502 Tribum
646 3438 788 3514 sextam,
807 3451 829 3494 a
856 3426 991 3494 caeseris
1010 3423 1180 3516 facillime
1203 3425 1411 3498 distinctam

142 3568 175 3626 2⁸
192 3558 295 3628 seriei
308 3553 556 3638 adnumeravi,
571 3552 652 3620 licet
666 3545 837 3618 articulos
846 3545 1102 3637 paucivenosos
1115 3545 1305 3639 speciebus
1316 3543 1412 3616 illius

82 3673 88 3692 '
141 3678 307 3747 tribuant
324 3686 508 3755 auctores;
528 3682 712 3765 quantum
727 3691 769 3736 ex
788 3663 961 3733 exsiccata
974 3662 1094 3754 videre
1108 3663 1192 3734 licet
1210 3677 1297 3734 sunt
1308 3665 1415 3758 poly-

140 3796 301 3889 siphonii
312 3807 347 3864 et
356 3795 506 3864 omnino
514 3803 707 3862 structurae
718 3788 921 3881 specierum
936 3786 1107 3856 secundae
1121 3787 1413 3861 seriei.Possibile

141 3919 256 3988 immo
268 3912 372 4000 foret,
394 3913 488 3992 hanc
501 3911 642 3983 tribum
667 3936 688 3979 a
708 3931 838 4004 genere
857 3909 1035 3980 removeri
1046 3921 1082 3978 et
1097 3909 1143 3978 ad
1165 3907 1415 4008 Rytiplrlaeam.

141 4038 326 4107 transferri
360 4035 515 4118 debere,
545 4033 605 4103 sed
634 4032 750 4101 donec
774 4028 1030 4122 sphaerosporoe
1062 4029 1304 4125 deteguntur,
1332 4055 1414 4128 quae

142 4169 325 4251 quantum
345 4156 476 4226 noviin
494 4153 595 4223 nulla
615 4152 664 4222 ill.
688 4176 729 4222 us
746 4155 862 4246 specie
888 4154 1082 4226 observata
1105 4157 1352 4242 suerunt,boc
1377 4161 1414 4230 in

143 4279 264 4349 viredio
279 4276 484 4371 relinquere
496 4297 616 4368 cogor.

193 4397 248 4470 Ad
261 4397 486 4468 characteres
496 4421 608 4493 supra
620 4395 746 4466 allatos
756 4396 918 4468 duarum
932 4400 1107 4470 serierum
1121 4409 1225 4470 notas
1237 4397 1416 4492 quasdam

143 4519 348 4593 habituales
366 4518 499 4590 addere
510 4519 624 4590 liceat.
640 4518 782 4612 Species
801 4517 968 4620 secundae
983 4520 1085 4590 seriei
1095 4530 1181 4590 sunt
1192 4521 1232 4590 in
1244 4519 1323 4590 vivo
1336 4517 1416 4612 ple·

142 4633 1415 4742 rumqueatropurpureaevelolivaceae,saepiusparasitae,rigidiusculae
