3378 5464
689 437 739 450 ..
762 376 810 467 9⁹
835 411 884 448 ..·.

156 547 250 614 intra
267 556 423 617 stratum
438 555 629 627 externum
646 541 862 625 nidulautia,
873 537 1079 632 congeriem
1092 557 1282 629 sperarum
1293 536 1426 609 oblon-

155 689 284 759 garum
299 668 392 734 iutra
407 665 648 756 perisporium
664 662 779 731 laxius
800 661 964 732 foventia.
981 655 1306 755 Sphaeresporaejn
1325 673 1426 732 exte-

155 786 249 855 riore
265 793 376 854 strato
387 781 599 852 cellularum
617 781 794 866 sormam,
811 783 905 850 intra
922 779 1166 872 perisporium
1182 779 1373 875 hyalinum
1389 785 1427 852 in

155 927 278 999 sporus
291 903 314 991 4
328 899 505 995 triangula
521 901 802 995 divisa-nge
815 900 945 993 planae,
962 898 1430 972 subcarnosomembrana-

157 1048 241 1108 ceae,
261 1019 449 1110 laciniam,
469 1040 628 1106 enerves,
648 1015 965 1091 roseo-coceineae'.

206 1137 586 1238 Fucumrenifimnem
597 1139 946 1216 TurnaGrevillein
961 1135 1034 1233 atg.
1045 1136 1199 1210 Brittad
1210 1139 1386 1212 Iridoeam
1397 1153 1434 1213 et

158 1265 241 1333 dein
255 1287 275 1330 a
288 1260 467 1349 Houkem,
487 1261 672 1332 adnuente
693 1260 854 1354 algologo
871 1259 1007 1344 Scotiae,
1022 1260 1069 1330 ad
1077 1255 1363 1332 Rhodomeniam
1379 1253 1436 1334 re-

160 1386 290 1467 latum,
304 1385 497 1477 proprium
512 1404 626 1476 genus
638 1385 814 1462 existimo,
826 1379 1188 1467 Halrmeniaemulto
1198 1381 1311 1475 magis
1321 1404 1436 1474 quam

161 1504 299 1577 Irideae
318 1517 353 1576 et
371 1502 632 1575 Rhodomenioe
648 1505 876 1573 conveniens.
894 1497 1056 1569 Stratum
1086 1503 1272 1570 internum
1301 1495 1438 1573 cellulis

163 1638 306 1698 constat
321 1626 495 1719 elongatis
518 1621 763 1712 filliormibus‚
788 1633 948 1692 attamen
974 1639 1088 1714 quam
1103 1622 1141 1690 in
1155 1617 1291 1692 Iridaea
1316 1621 1437 1697 multo

164 1745 391 1816 brevioribus
406 1739 603 1814 latioribus
617 1746 816 1837 minusque
835 1733 1047 1831 intertextis,
1069 1741 1243 1812 aeellulis
1258 1742 1439 1837 polyedris

166 1863 418 1937 Rhodomenioe
427 1861 701 1958 longiusadhue
711 1859 1070 1934 diversis.Favellidia
1083 1863 1156 1933 iere
1166 1859 1304 1967 Irideoe,
1317 1886 1441 1957 speras

166 1987 280 2057 laxius
298 1985 517 2084 cohaerentes
544 1981 768 2056 includentis
787 1983 867 2078 (nec
893 1995 935 2053 ut
956 1985 994 2053 in
1012 1972 1229 2078 Halymenia
1244 1981 1443 2055 arctissime

168 2103 394 2198 conjunctas)
409 2116 445 2174 et
463 2105 624 2198 placenta
640 2104 789 2173 centrali
807 2097 1060 2176 Rhodoment'oe
1077 2106 1230 2182 omnino
1251 2095 1438 2179 destituta.

170 2223 435 2317 Sphaerosporae
447 2225 522 2293 lere
539 2219 814 2320 Rhodomenioe.

177 2397 253 2494 187.
269 2402 319 2470 Κ.
337 2397 538 2496 Βεᾳιιίθηίί
553 2395 625 2472 nob
648 2395 916 2494 (Rhodomenia
937 2403 1134 2501 Reqrtienr‘z‘
1161 2406 1197 2474 J,
1233 2399 1309 2500 Ag.
1332 2397 1446 2494 symb.

217 2549 254 2619 a·
279 2523 346 2624 ³2)-

216 2673 296 2736 Hah.
315 2695 330 2734 e
345 2675 536 2754 profundiori
551 2678 641 2734 maris
657 2631 867 2735 Mediterranei
881 2675 1024 2754 rejectam
1038 2675 1078 2736 ad
1092 2675 1257 2738 Massiliam
1270 2675 1347 2756 legl3
1364 2676 1448 2738 irue-

174 2779 293 2838 tiieram
308 2797 412 2838 mense
426 2791 486 2840 oet.
505 2781 579 2856 legit
590 2776 704 2844 Soter!

180 2935 259 3008 188.
282 2939 330 3008 K.
347 2932 553 3032 renyormtr
567 2931 663 3022 nob.,
691 2939 740 3006 Η.
754 2933 959 3033 renffonnis
972 2935 1049 3038 Ag.
1062 2963 1115 3036 sp.
1127 2966 1164 3038 p.
1181 2941 1275 3014 sot!

160 3155 162 3160 .
217 3106 296 3167 llab.
315 3108 345 3163 in
361 3089 577 3183 utroque'mart
593 3116 626 3166 ut
639 3107 757 3166 ridetur
772 3105 937 3166 rarissima!

544 3359 735 3482 Summers
748 3361 787 3434 V.
819 3355 1082 3436 coronemur.
1122 3421 1125 3442 .

230 3588 388 3658 Frondes
410 3588 863 3691 membranaceo-corneas,
895 3587 1032 3660 cellulis
1050 3601 1113 3662 aut
1135 3587 1204 3661 filis
1217 3591 1452 3686 periphericis

181 3710 217 3778 in
230 3719 385 3779 stratum
395 3720 632 3800 compactum
642 3707 939 3792 coalescentibus,
951 3712 1142 3784 Favellidia
1152 3714 1453 3808 semiprostantia‚

182 3828 278 3899 intra
293 3839 447 3898 stratum
464 3825 602 3897 frondis
620 3808 811 3920 externum
835 3833 872 3902 in
889 3831 1135 3924 pericarpium
1148 3831 1453 3926 subtransiorma·

181 3957 263 4017 tum
277 3947 492 4032 nidulantia,
511 3947 671 4039 denique
690 3973 780 4042 poro
808 3947 1036 4044 subregulari
1066 3945 1257 4034 elabentis.
1278 3948 1453 4050 *Sphaero-

183 4089 308 4159 sperae,
323 4081 506 4159 quantum
521 4067 773 4153 innotuerunt,
787 4070 966 4170 triangule
978 4070 1108 4143 divisae.

231 4170 369 4256 Genera
383 4185 497 4280 hujus
509 4188 677 4256 sectionis
692 4189 887 4259 transitum
899 4189 946 4260 ad
964 4193 1151 4287 sequentia
1164 4192 1335 4284 formant,
1347 4195 1455 4268 favel-

182 4303 276 4374 lidiis
292 4306 584 4396 prominentibus
599 4305 797 4397 aliquando
812 4308 927 4378 immo
940 4308 1106 4404 placenta
1115 4312 1302 4388 instructis
1313 4328 1349 4388 et
1360 4339 1452 4411 poro

134 4510 137 4517 Ι
184 4423 412 4516 subregulari
425 4423 665 4496 elabentibus.
