3378 5464
806 321 1000 398 -00,

313 473 368 553 ab
393 473 462 550 bac
482 474 599 567 specie
616 472 824 550 dusiacum
843 469 1060 548 crediderim
1084 495 1167 546 cur.
1181 472 1215 556 d.
1229 475 1445 546 mutinum
1456 479 1533 572 Ag.

263 613 317 688 sp.
330 617 369 688 p.
390 593 455 664 144
468 602 530 686 ;.et
547 615 641 675 anne
653 589 700 664 ad
717 589 915 672 Bliadercm
931 591 1177 668 bauslemuda
1195 595 1241 664 sit
1260 593 1411 668 ulterius
1432 594 1537 666 frua

265 725 376 784 tuum
393 735 543 787 examen
555 711 713 796 docebit.
862 730 864 738 ’

317 832 395 912 1,61.
408 829 470 926 Sp.
489 827 679 912 clarulcta
692 827 773 905 nob.
786 831 1215 928 frondesubregulariter
1236 832 1448 907 dichotoma
1463 832 1537 904 lili-
1588 821 1589 826 ¹

264 951 373 1020 sormi
396 949 569 1044 geniculis
586 951 835 1044 prestantibus
848 949 987 1037 ciliatis,
1006 951 1218 1034 iuteruodiis
1236 951 1415 1022 heraedre
1430 975 1537 1022 areo-

265 1070 358 1155 tatis,
376 1069 542 1162 apicibus
558 1069 703 1162 patulis.

243 1277 245 1285 ·
315 1249 393 1316 Cer.
409 1224 721 1340 obvadatum-Ag.
737 1263 789 1339 sp.
803 1266 843 1339 p.-
858 1241 935 1313 152.

306 1370 383 1445 ilab.
409 1383 445 1444 ad
466 1401 536 1444 saxa
556 1383 620 1444 sule
638 1385 776 1464 exposita
796 1385 827 1443 in
849 1383 944 1445 limite
966 1385 1088 1444 sinuum
1108 1381 1365 1460 tranquilliorum3
1388 1385 1420 1441 in
1444 1344 1534 1462 partu

266 1485 490 1546 ville-Francia
505 1503 608 1546 mense
622 1495 699 1566 sept.
715 1495 745 1546 et
758 1487 853 1548 octbr.
867 1487 938 1570 legi

305 1611 449 1694 caespites
472 1613 527 1673 M
549 1610 705 1694 pollicerer
726 1614 882 1694 purpurei.
902 1611 1036 1674 Frondea
1058 1621 1164 1671 teretes
1185 1596 1350 1694 capillares,
1372 1611 1473 1673 abasi
1497 1585 1547 1671 ad

266 1717 383 1796 apicem
419 1715 568 1796 aqualem
598 1717 760 1786 causabam,
779 1715 1201 1795 seruantes...suhregulariter
1223 1714 1422 1789 diehstomae,
1453 1715 1535 1774 turca

266 1821 361 1903 apicis
374 1819 488 1898 patula,
503 1818 667 1900 articulatae
683 1819 815 1883 articulis
829 1819 977 1894 diametro
992 1819 1061 1900 apio
1074 1818 1274 1897 longioribus,
1291 1819 1544 1899 perieulisprora
1676 1883 1677 1912 ,

266 1920 397 1980 tontibus
412 1921 559 1982 vernoilio
573 1921 716 1985 ciliorum
731 1924 1002 1995 minutissimorum
1016 1925 1134 1997 ducib,
1150 1921 1316 1987 internodii
1328 1923 1538 1994 membranae

266 2023 426 2106 multiplici
451 2026 527 2085 serie
546 2017 730 2096 ,cellularum
756 2024 939 2114 regularium
965 2025 1537 2104 hexaedre·rectangulariumcantaria

266 2108 398 2207 apparet,
425 2127 529 2187 lionde
552 2149 569 2188 a
594 2110 749 2208 superficie
774 2132 857 2204 risa;
884 2132 1018 2201 sectione
1039 2112 1238 2202 transversali,
1266 2129 1381 2190 cellulae
1407 2129 1535 2190 formam

266 2233 362 2307 magis
375 2229 538 2308 oblongam
551 2233 736 2305 exhibent‚et
749 2235 827 2293 circa
841 2231 949 2294 tubum
968 2251 1095 2294 vacuum
1111 2234 1227 2313 singula
1240 2235 1316 2294 serie
1332 2233 1531 2313 peripherica,

267 2335 344 2396 ultra
358 2335 465 2411 viginti
480 2335 604 2402 cellulas
615 2340 805 2428 continente,
822 2337 974 2418 dispositae
989 2338 1194 2400 observantur.

316 2483 579 2560 Mediterranea
596 2484 720 2580 planta
739 2485 786 2558 ab
809 2485 1035 2582 Agardhiana
1053 2498 1186 2580 parum
1205 2484 1316 2556 distat
1326 2538 1338 2574 ‚
1364 2485 1445 2554 loeo
1468 2507 1536 2552 na·

267 2599 331 2674 tali
345 2600 429 2672 licet
443 2592 703 2690 diversissimae
729 2608 823 2677 rami
841 2607 966 2677 minus
988 2605 1167 2676 claaulati.
1191 2602 1346 2702 Habitus,¹
1366 2602 1440 2700 lere
1453 2607 1531 2694 Cer.

267 2718 388 2790 ciliuti
402 2720 463 2791 sed
480 2734 663 2793 structura
679 2717 920 2796 diversissima
935 2735 971 2794 et
992 2703 1082 2793 curn
1093 2719 1268 2820 Sprridia
1279 2721 1430 2796 omniuo
1448 2743 1537 2795 cuu-

268 2861 422 2934 gruens,
441 2837 554 2931 hujus
571 2863 646 2912 esre
664 2843 820 2934 speeiem
840 2819 1023 2914 evidenter
1042 2842 1181 2913 suadet.
1203 2841 1322 2941 Hujus
1345 2835 1540 2942 structurae

268 2959 307 3028 in
319 2979 411 3054 apae.
426 2956 561 3056 Algae.
584 2958 657 3054 jum
676 2961 813 3067 mentio
835 2960 929 3034 laeta
948 2949 1039 3044 luit,
1059 2961 1121 3033 sed
1139 2957 1313 3064 Spyrzdia
1334 2970 1538 3033 tunc‘teu‘r·

268 3077 366 3171 poris
382 3077 551 3150 nondum
576 3091 619 3150 ut
636 3086 751 3174 genus
777 3081 970 3175 proprium
993 3082 1209 3167 constituta,
1226 3078 1376 3151 minoris
1392 3091 1538 3149 tantum

267 3198 448 3268 momenti
460 3198 538 3270 haee
553 3201 780 3292 considerata
794 3199 864 3292 fuit
876 3212 1029 3274 textura.
1039 3199 1274 3296 Montagne'o,
1284 3199 1386 3294 Algas
1397 3197 1540 3270 Cuben·

268 3339 322 3388 ses
345 3317 589 3407 describenti,
615 3321 881 3416 accuratiorem
907 3321 1186 3414 descriptionem
1217 3317 1419 3406 debemus;
1441 3317 1540 3388 male

268 3446 391 3514 tamen
406 3434 590 3513 filamenta
605 3453 809 3532 compressa
822 3440 912 3517 dixit
925 3439 1163 3533 plantamque
1170 3461 1261 3510 uum
1274 3433 1537 3536 Polysipltonia

268 3563 478 3652 comparat,
498 3555 633 3648 quaein
655 3580 699 3626 eo
723 3557 828 3651 longe
843 3558 967 3646 distat,
987 3559 1090 3650 quod
1105 3556 1308 3636 iuternodia
1323 3555 1421 3630 tubis
1434 3556 1537 3627 elon»

267 3675 371 3768 gatis,
395 3673 540 3776 articuli
564 3661 832 3770 longitudinem
859 3675 1115 3770 aequantibus,
1137 3675 1354 3763 formantur,
1380 3676 1472 3748 dum
1498 3677 1535 3744 in

222 3826 226 3835 ·
267 3790 445 3894 Spyridiu
459 3793 599 3871 cellulae
611 3816 827 3882 numerosae,
840 3795 931 3880 serie
947 3794 1201 3890 longitudiuali
1215 3796 1411 3891 disposite,
1426 3798 1540 3867 intera·

269 3911 423 3989 rodium
448 3927 643 4008 occupant.

327 4161 330 4164 -
430 4137 535 4185 xrvrr.
557 4055 742 4188 corrono
764 4117 839 4214 Ag.
855 4140 914 4213 sp.
932 4117 1020 4214 Alg.
1041 4137 1081 4214 p.
1109 4119 1187 4212 138.
1212 4115 1307 4188 exal.
1323 4140 1375 4214 sp.

210 4313 212 4317 ·
320 4285 428 4383 Frons
443 4286 633 4365 articulata
662 4289 960 4394 monosiplronia,
983 4289 1029 4361 ud
1049 4274 1211 4382 genicula
1233 4291 1373 4374 cellulis
1396 4293 1536 4386 irregu-v

270 4405 407 4476 laribus
421 4416 559 4475 ornata.
589 4405 741 4477 Fructus
757 4405 903 4500 duplex.
928 4407 1095 4511 favelloe
1113 4410 1157 4480 ad
1173 4411 1331 4484 ramulos
1346 4410 1535 4487 lateraliter
