3378 5464
789 388 839 402 ..
862 347 913 421 32
936 387 983 402 ...

255 495 456 594 queuntibus
475 496 699 596 ¹sectionibus
719 511 882 570 ramenta
902 500 1054 570 omnino
1075 501 1378 576 transformantur
1400 501 1523 576 assub

254 620 371 694 forma
389 603 606 691 cellularum
622 618 844 690 radiantium
865 631 1010 690 tantum
1035 618 1246 692 obveniunt.
1266 621 1421 694 Fructus
1436 645 1525 715 cap-

252 872 334 932 tum
349 859 386 928 in
401 858 470 930 iilis
484 859 597 952 magis
611 857 736 928 laxum
751 871 786 930 et
807 857 1202 952 submucilaginosnm‚
1225 861 1262 930 in
1276 861 1332 932 his
1344 874 1442 933 arcte
1454 862 1525 933 ad-

249 1000 415 1082 pressum
430 991 466 1050 et
479 1001 572 1073 saepe
587 959 868 1050 tenacissimum

207 1101 210 1107 ’
296 1099 452 1188 Plantae,
476 1122 568 1193 quas
580 1101 729 1169 nomine
743 1095 1079 1196 Cryptonemearum
1099 1097 1419 1197 conjunxi,apnd
1435 1126 1523 1173 anc-

246 1231 341 1290 tores
366 1221 403 1290 in
433 1220 557 1312 plures
579 1220 731 1289 familias
756 1217 921 1316 dispcrsae
944 1197 1104 1290 inerunt.
1133 1208 1523 1294 Gloiocladeasiiorv.

245 1339 563 1438 Spongiocarpens
575 1351 610 1409 et
625 1335 929 1433 Gasrerocarpeas
946 1340 1050 1410 Grev.
1068 1351 1102 1408 et
1118 1353 1255 1432 parum
1266 1339 1524 1415 Floridearom

245 1459 359 1554 hujus
382 1460 694 1553 complectuntur.
720 1459 800 1554 lpse
818 1461 854 1528 in
873 1459 986 1553 priori
1005 1458 1238 1552 dispositione
1261 1451 1396 1560 (Symd.
1411 1489 1448 1560 p.
1480 1486 1517 1534 11

243 1579 402 1676 etseqn.)
411 1578 514 1672 plura
525 1583 654 1674 genera
668 1580 762 1650 inter
772 1567 1133 1673 Spdoerococcoideas
1147 1605 1400 1672 assumseram,
1414 1585 1522 1658 aliam

176 1725 182 1736 ¹
243 1711 555 1791 tamen-generum
568 1698 838 1787 limitationem,
853 1708 942 1768 tunc
963 1699 1129 1768 nondum
1145 1701 1236 1770 mihi
1254 1701 1414 1790 claram,
1432 1727 1517 1798 prae·

242 1817 382 1890 dicans.
406 1817 751 1914 Sphaerosporarum
765 1819 928 1889 fructum
943 1820 980 1888 in
995 1815 1118 1889 multis
1137 1819 1336 1914 generibus
1350 1823 1520 1893 nondum

242 1938 534 2023 detectum-esse,
548 1940 667 2010 dicere
675 1937 817 2032 justum
829 1941 913 2027 erit;
925 1951 961 2010 et
973 1939 1060 2010 hinc
1073 1939 1198 2021 locum
1213 1943 1307 2012 inter
1323 1941 1522 2016 Florideos

242 2061 409 2132 nondum
436 2059 637 2133 stabilitum
661 2060 879 2131 considerari
904 2083 1017 2154 posse.
1047 2058 1239 2136 Structura
1263 2061 1521 2136 Glorocladea-
1620 2037 1622 2044 Ι

241 2205 323 2253 rum
331 2204 578 2277 quoquecum
591 2179 1043 2274 Chordarieismagnopere
1053 2181 1234 2267 convenit,
1245 2182 1357 2253 ethac
1368 2183 1517 2269 ductus,

241 2301 380 2374 horum
395 2300 562 2375 tribuum
577 2301 787 2372 affinitatem
811 2301 886 2394 ipse
904 2312 1008 2370 antea
1021 2303 1161 2391 agnovi.
1180 2301 1382 2372 Fructuum
1398 2283 1520 2373 autem

240 2448 328 2496 cnm
346 2422 493 2496 Favellis
508 2419 753 2496 Cerauniorum
775 2420 1050 2493 similitudinem
1066 2421 1328 2514 perpendenti,
1352 2435 1388 2491 et
1402 2435 1519 2494 totam

241 2545 370 2615 seriem
387 2544 568 2616 memoria
580 2542 769 2638 repetenti,
783 2554 858 2612 uta
881 2537 1127 2612 Gloioclndeis
1149 2539 1186 2611 in
1203 2545 1472 2614 Nenwstomeas
1484 2553 1521 2612 et

240 2685 283 2732 ex
293 2665 348 2736 his
358 2666 394 2734 in
408 2670 716 2758 Gastarocarpeas
724 2675 759 2732 et
767 2662 872 2756 plura
879 2685 1009 2754 genera
1024 2661 1071 2731 ad
1085 2657 1444 2756 Spiroerococcoideas
1454 2686 1519 2734 an-

240 2795 298 2853 tea
313 2782 424 2853 relata
439 2785 567 2854 transit
577 2795 814 2868 structura,et
827 2783 940 2852 immo
954 2781 1219 2874 sphaerosporas
1230 2783 1266 2852 in
1283 2779 1452 2876 pluribus
1462 2806 1519 2876 ge·

240 2898 391 2970 neribus
414 2887 516 2990 haud
530 2899 742 2972 divellendis
761 2898 910 2996 jamjam
922 2923 996 2970 esse
1010 2901 1167 2970 detectas
1185 2885 1442 2988 consideranti,
1460 2903 1518 2972 vix

241 3009 401 3093 dubium
416 3019 508 3090 mihi
524 3021 682 3106 videtur,
702 3020 840 3114 quinio
856 3020 978 3090 ceteris
1001 3043 1151 3114 qnoque
1172 3020 1519 3120 Cryptonemearum

239 3137 434 3234 generibus
450 3138 712 3236 sphaerosporae
724 3117 1024 3233 detegendaesint,
1037 3141 1160 3212 locum
1170 3153 1312 3213 certum
1326 3143 1422 3212 inter
1436 3141 1517 3213 Flo-

239 3250 357 3332 rideas
369 3259 426 3333 his
439 3263 571 3356 plantis
590 3245 824 3332 vindicantes.

290 3377 375 3466 Quo
396 3381 603 3453 charactere
620 3383 928 3478 Gasterocarpeas
942 3382 1236 3476 circumscriptas
1254 3381 1332 3452 vult
1350 3381 1518 3454 Dec'aisne

158 3595 159 3600 ἵ
242 3501 388 3594 ignoro,
407 3522 526 3594 quum
551 3503 621 3572 illis
646 3507 859 3599 Hypnoauz,
884 3498 1107 3572 Chondridm
1131 3513 1168 3572 et
1191 3497 1517 3597 Acanthopkoram

242 3619 676 3714 adnumeraverit—qnae
693 3643 751 3688 me
762 3620 887 3711 jndice
906 3617 1010 3712 longe
1023 3620 1171 3691 diversis
1197 3621 1419 3692 sectionibus
1431 3645 1516 3714 per-

242 3743 359 3812 tinent
384 3772 451 3826 -;
469 3741 566 3812 etde
592 3737 769 3836 Champin
782 3727 890 3808 verba
911 3739 1043 3809 iaciens
1061 3737 1108 3836 (p.
1130 3739 1211 3835 180)
1228 3739 1324 3814 illam
1343 3745 1517 3819 Gustero-

243 3865 384 3959 carpeia
396 3854 713 3932 adnumerandam
723 3885 811 3946 esse,
826 3870 953 3954 utpote
965 3858 1233 3954 sphaerosporas
1250 3862 1287 3931 in
1299 3859 1468 3932 interiore
1478 3873 1516 3935 et

201 3965 217 4014 Ὗ
244 4003 368 4052 versus
390 3983 530 4074 apicem
557 3982 788 4052 ramulorum
813 4004 951 4074 sparsas
978 3994 1161 4073 gerentem
1180 4019 1225 4034 -
1248 3982 1448 4066 character,
1476 3982 1514 4050 ni

246 4095 367 4186 fallor,
394 4093 578 4171 Floridet‘s
603 4099 776 4172 omnibns
804 4101 1038 4172 inarticulatis
1071 4100 1516 4172 communis-animad-

245 4220 401 4291 verterit.

292 4333 645 4440 'Cryptonemearum
659 4340 940 4414 subdivisionem
962 4342 1139 4434 aptiorem
1162 4340 1422 4438 sphaerosporae
1449 4342 1516 4417 de-

247 4473 352 4537 tectae
367 4473 404 4532 et
416 4461 441 4531 F
445 4462 608 4534 avellidia
633 4462 762 4534 melius
778 4464 921 4558 cognita
931 4462 1047 4532 forsan
1067 4461 1155 4532 olim
1168 4460 1382 4535 dabunt-ln
1402 4463 1516 4535 Idaeas

247 4579 372 4657 autem
385 4595 490 4658 antea
502 4583 548 4658 de
563 4583 768 4660 diversitate
780 4583 983 4658 sectionum
1000 4581 1226 4660 diversarum
1240 4595 1403 4680 receptas
1418 4605 1516 4678 quo·
