3386 5468
661 559 974 664 subseminare
992 557 1075 632 nola·

266 847 268 856 y
294 759 364 840 Fila
381 752 557 854 simplicia
573 757 671 829 intus
694 755 881 844 annulata,
905 775 936 825 a*
947 753 1098 848 globulo
1119 754 1387 849 hemispherion
1408 781 1512 852 egre-

243 851 376 948 dientia
390 871 487 960 bina,
503 897 523 942 e
537 884 648 944 strato
666 872 860 944 medullari
874 871 1063 955 radiantia,
1080 872 1224 944 saeculo
1248 874 1508 970 mucilaginosa

242 994 320 1065 basi
334 993 463 1081 cineta,
476 993 514 1078 in
530 981 698 1064 frondem
714 993 950 1088 gelatinosam
964 993 1071 1090 (saepe
1084 994 1308 1087 separatione
1325 995 1508 1090 inflatam)

243 1113 319 1182 laxe
334 1111 521 1204 disposita.
599 1102 607 1112 ”
1311 1193 1315 1201 ἱ
1499 1191 1501 1198 ,

292 1230 453 1301 Stratum
469 1233 573 1326 quasi
586 1243 795 1324 separatum
818 1231 1021 1303 medullare
1035 1232 1138 1314 initio
1162 1230 1284 1316 adest3
1305 1243 1343 1302 at
1354 1232 1513 1324 denique

243 1348 367 1421 inflata
393 1347 522 1420 fronde
545 1373 676 1443 parum
700 1352 950 1444 perspicuum.
976 1333 1071 1422 Huic
1093 1335 1320 1444 proximum,
1340 1349 1395 1421 rel
1414 1331 1513 1443 iuxta

243 1467 345 1538 basin
361 1465 509 1539 filorum
521 1465 745 1540 radiantium
760 1522 770 1556 ,
786 1465 1026 1540 observantur
1038 1457 1173 1539 saeculi
1196 1481 1249 1540 sat
1262 1471 1381 1562 magni
1400 1490 1514 1538 mem-

244 1586 358 1658 brana
393 1587 535 1684 hyalina
572 1600 808 1675 constantes,
842 1587 903 1658 fila
923 1588 1100 1682 spiraliter
1120 1589 1313 1659 convoluta
1350 1589 1511 1681 gemina,

243 1705 356 1779 altero
374 1704 608 1798 majorisbasi
619 1705 908 1778 subooh'arrentia
919 1705 1160 1778 includentes.
1171 1701 1221 1776 llt
1233 1709 1273 1776 in
1286 1725 1353 1778 nro
1365 1704 1511 1782 animat

244 1848 336 1896 nora
352 1825 483 1918 proles,
504 1825 554 1896 sic
579 1850 601 1894 a
617 1837 792 1897 contentu
814 1824 949 1896 sacculi
965 1825 1038 1920 jam
1056 1827 1093 1895 in
1118 1828 1198 1919 ipso
1214 1824 1277 1896 fila
1298 1825 1448 1898 formari
1462 1826 1518 1896 ri·-

246 1944 393 2029 dentur,
421 1944 524 2013 initio
551 1945 731 2040 spiraliter
758 1945 974 2033 convoluta,
1000 1946 1061 2028 sed
1082 1965 1167 2016 nox
1181 1968 1267 2030 sese
1288 1946 1459 2039 erigentia
1480 1957 1516 2014 et

245 2058 496 2131 membranam
511 2061 645 2133 sacculi
659 2065 899 2152 extendentia,
915 2066 1030 2136 donoc
1047 2063 1152 2136 illum
1167 2064 1327 2159 denique
1341 2088 1516 2158 perrum—
1575 2107 1583 2118 ·

242 2167 340 2272 'punt
360 2176 404 2274 (i)
419 2192 455 2249 et
476 2175 572 2253 illius
590 2181 735 2252 residua
756 2183 860 2276 quasi
875 2181 1028 2276 gelatina
1046 2169 1209 2270 informis
1238 2181 1283 2254 ad
1306 2183 1411 2258 basin
1431 2181 1515 2254 filo-

245 2321 329 2368 rum
344 2296 592 2370 observantur.
602 2300 676 2369 Fila
691 2301 740 2370 ita
754 2299 908 2370 formata
923 2311 1009 2396 sunt
1027 2301 1234 2394 longissime
1251 2303 1400 2389 elavata,
1417 2304 1517 2370 intus

245 2415 433 2504 annulata,
449 2416 528 2488 basi
542 2441 635 2512 saepe
652 2412 776 2489 adbuc
793 2418 891 2488 torto
908 2428 944 2489 et
955 2419 1099 2504 annulis
1112 2417 1249 2488 ibidem
1267 2416 1514 2490 subdiscretis.

295 2535 488 2613 Rtvularta
502 2535 648 2612 bullata
669 2561 716 2610 an
739 2541 847 2613 etiam
864 2539 939 2612 huc
955 2535 1163 2611 referenda?

247 2678 282 2750 6.
299 2678 350 2750 D.
365 2679 616 2791 polyotisnov.
641 2704 694 2777 sp.
716 2681 857 2751 Fronde
880 2703 1011 2774 magna
1029 2680 1108 2752 laete
1121 2679 1353 2750 viridescente
1377 2678 1516 2748 inflato

296 2796 449 2887 bullata,
470 2800 562 2871 lobis
580 2798 1057 2890 conformibusnumerotis.
1094 2815 1095 2818 ’

287 2970 361 3034 llab.
380 2973 411 3029 in
426 2971 528 3030 Insula
542 2973 624 3049 Pago
640 2968 729 3054 (anne
739 2972 875 3032 marina?
886 2968 913 3050 );
927 2989 971 3050 sp.
980 2970 1056 3029 ded.
1070 2969 1238 3058 Bliasotetto.

297 3127 454 3200 Frondes
472 3150 566 3210 nuce
580 3127 739 3198 avellana
754 3126 920 3220 majores,
935 3123 1095 3221 denique
1121 3125 1278 3220 globosae
1299 3137 1445 3196 etcavae
1466 3125 1519 3194 ri·

248 3248 397 3336 dentur,
409 3247 540 3332 habitu
549 3243 930 3344 Nosroaprunifomre
942 3270 1016 3330 non
1030 3246 1125 3319 male
1137 3242 1411 3330 reserentes,sed
1427 3255 1519 3314 stru·

246 3367 624 3450 otnradiversissinrae.
727 3405 731 3414 ·
1414 3353 1417 3358 ⁵

275 3683 279 3692 .
353 3614 398 3686 ll.
426 3559 821 3686 oscltttroulse
843 3613 920 3709 Ag.
947 3623 1038 3708 syst.
1053 3635 1091 3706 p.
1114 3611 1172 3700 nd,
1189 3608 1286 3684 sset.
1300 3633 1421 3709 gaser.

300 3836 456 3906 Fructus
467 3832 797 3928 Osoillatorioarum
807 3831 911 3903 valde
923 3827 1246 3930 obscuri‚'‹luplicis
1256 3830 1518 3908 sorsaniormae.

257 3964 289 4022 1⁰
303 3952 465 4024 tinnulos
478 3955 574 4025 intra
588 3951 724 4024 tubum
738 3931 877 4024 frondis
899 3950 1064 4049 mobiles,
1078 3950 1235 4044 denique
1254 3945 1468 4019 rotundatos
1486 3959 1522 4016 et

252 4095 376 4157 versus
390 4063 530 4166 apicem
550 4057 737 4166 hyalinum
753 4055 1020 4168 progredientes
1035 4055 1109 4140 'ridi
1123 4067 1184 4164 (an
1206 4068 1367 4160 denique
1381 4059 1522 4160 elapsos

254 4183 290 4266 et
306 4197 344 4267 in
358 4182 515 4289 sporidia
526 4175 674 4266 mobilia
683 4195 820 4268 solutos
829 4195 903 4293 i)s“
914 4197 1139 4290 Coniocystoe
1151 4181 1198 4286 (t)
1208 4173 1254 4259 ad
1268 4171 1328 4258 fita
1341 4187 1520 4272 laterales;

254 4342 301 4387 an
315 4315 476 4407 denique
490 4331 661 4408 separatae
674 4315 761 4385 etin
776 4313 912 4386 tubum
935 4314 1022 4408 ipsae
1036 4312 1210 4408 elongatos
1230 4301 1285 4405 (ut
1306 4309 1341 4380 in
1357 4305 1525 4381 Vauche-

257 4443 319 4514 riis
351 4437 428 4510 fieri
455 4436 606 4532 dicitnr)
633 4438 687 4511 vel
720 4440 816 4510 intra
840 4423 1092 4513 membranam
1113 4431 1265 4506 demum
1293 4439 1523 4526 rumpentem

259 4560 393 4632 tubum
408 4562 641 4654 generantes?
696 4623 701 4630 .
