3378 5464
658 477 703 490 -
728 437 796 508 105
822 477 871 492 -

126 575 291 652 'Adriatico'
300 589 337 648 ad
350 581 527 667 Tergestum
541 567 713 660 nieutona
729 577 867 668 inportu
881 585 1119 663 Pozzuoli'regoi
1134 587 1323 667 Neapolitani
1342 587 1405 647 irc-

132 702 275 772 quentem
289 693 359 770 legi.

136 896 214 968 ¹97·
245 870 289 941 G.
313 870 511 943 oricularis
539 873 798 968 Lamour.Ag.
813 893 865 965 sp.
888 894 924 966 p.
938 869 1018 938 232.
1038 864 1122 964 Spu.
1149 866 1344 965 elongatus
1365 867 1403 940 d.

177 990 301 1090 eluse
324 991 442 1090 urar.
457 1006 481 1062 r.
501 996 657 1064 xuni.
677 1063 682 1074 ,

161 1167 250 1237 'ilab
273 1167 309 1224 ed
328 1185 417 1245 rupes
433 1167 622 1226 obscuriores
639 1163 854 1226 vehementiori
869 1163 951 1222 fluxu
971 1164 1133 1241 expositas,
1150 1163 1182 1220 in
1200 1161 1297 1220 limite
1314 1161 1404 1222 meris

131 1273 285 1348 utriusque
305 1270 484 1348 frequenter.

488 1540 575 1586 cxrv.
604 1513 853 1588 Cunxsxueult
867 1539 949 1612 gen.
972 1537 1052 1585 nou.

179 1770 291 1838 Frons
301 1768 482 1854 tubulosa,
496 1767 566 1838 filis
580 1769 809 1860 sparsissimis
823 1768 962 1840 tubum
973 1767 1285 1862 percurrentibus,
1304 1768 1401 1860 peri·

128 1888 286 1982 phericis
310 1887 447 1958 cellulis
472 1887 612 1982 duplici
625 1889 700 1958 aud
727 1888 858 1978 triplici
882 1901 994 1989 strato
1018 1888 1201 1979 dispositis
1215 1886 1395 1980 oblongis,

128 2007 361 2079 interioribus
378 2007 588 2102 majoribus,
599 2007 833 2077 exterioribus
848 2007 1161 2101 granuliiornibus
1180 2031 1274 2100 saepe
1288 2030 1399 2076 muco

128 2127 254 2197 laxiori
279 2127 464 2215 involutis,
481 2139 660 2198 contexta.
691 2127 846 2199 Fructus
870 2128 1006 2222 duplex
1033 2155 1042 2205 t
1076 2125 1286 2199 Furellidiu
1309 2127 1403 2197 infra

129 2239 284 2320 straturis
308 2261 513 2333 externum,
534 2249 571 2317 in
590 2249 836 2342 pericarpium
855 2248 1090 2342 subregulare
1113 2248 1275 2340 denique
1292 2244 1402 2340 'apice

128 2381 297 2461 apertum
313 2367 449 2456 abiens,
469 2368 515 2438 ad
531 2368 736 2462 placentam
754 2368 915 2440 basalem
930 2369 1047 2455 affixa,
1076 2368 1231 2438 reticulo
1255 2365 1402 2438 filorum

129 2487 296 2558 stellatim
316 2488 668 2558 anastomosantium
688 2487 819 2575 cincta,
832 2490 926 2557 intra
942 2487 1193 2581 perisporium
1209 2485 1402 2579 hyalinurn

130 2595 577 2701 sporasnuxnerosissimns
589 2608 626 2676 in
639 2605 886 2698 glomeruluxn
898 2583 1082 2698 congestas
1095 2606 1264 2675 foventia.
1278 2601 1405 2700 Spuae-

128 2748 285 2822 rosporoe
295 2725 431 2794 cellulis
446 2725 816 2816 iniraepidermaticis
833 2725 996 2796 formatae
1008 2726 1207 2820 sphaericae,
1224 2727 1261 2794 in
1275 2748 1402 2818 speras

128 2844 344 2938 [striangule
357 2841 635 2938 divisa-Algae
646 2845 951 2938 cylinrlraceaeaut
962 2869 1191 2939 compressae,
1208 2845 1403 2928 continuae,

128 2956 311 3034 tubulo'sae
333 2977 397 3033 aut
420 2966 557 3034 interne
582 2964 824 3034 caulcscentcs
847 2965 995 3035 ramulis
1015 2965 1195 3036 tubulosis
1227 2965 1400 3055 pinnatae,

128 3107 267 3178 pyropo
283 3084 337 3153 vel
353 3109 465 3152 aureo
482 3086 643 3152 nitentes.

177 3205 302 3273 Genus
323 3183 488 3296 placenta
506 3203 616 3272 basuli
643 3205 833 3274 fructuum
845 3218 879 3272 ct
892 3207 1020 3274 froude
1033 3208 1105 3276 scre
1126 3197 1297 3280 tubulosa
1311 3215 1404 3282 inter

130 3325 412 3421 Cryptonemeus
425 3322 703 3416 quodammodo
717 3322 891 3408 alienum,
906 3325 951 3391 ad
968 3325 1103 3393 calcem
1125 3333 1297 3420 apposui,
1328 3329 1405 3402 for-

129 3471 191 3515 san
203 3445 290 3515 olirn
306 3441 376 3514 alio
388 3445 467 3514 loco
483 3444 768 3544 disponendum.
787 3443 992 3514 Dementia
1007 3449 1215 3518 ventricosu
1233 3429 1402 3522 tamour.

128 3583 162 3639 ct
177 3567 328 3664 Halym.
349 3565 553 3662 pinnulam
571 3567 659 3662 Ag,
683 3589 774 3658 quos
787 3577 891 3658 typos
907 3566 1018 3634 nostri
1037 3569 1174 3658 gesseris
1196 3572 1403 3640 considera-

129 3711 225 3774 mus,
244 3690 279 3756 in
299 3687 425 3756 ricinia
438 3685 676 3784 Halymeniae
691 3695 832 3776 semper
843 3685 1024 3775 dispositae
1035 3684 1196 3770 fuerunt,
1211 3712 1230 3754 a
1245 3713 1317 3780 qua
1343 3713 1401 3759 rne

122 3807 246 3898 judice
264 3808 368 3900 longe
383 3807 568 3892 recedunt,
582 3818 617 3876 et
628 3803 879 3902 Clzylocludr'oe
898 3803 1070 3876 Grevillei
1084 3807 1156 3875 scre
1173 3806 1302 3878 melius
1314 3831 1402 3881 cou-

128 3930 288 3998 veniunt.
306 3927 446 3998 Nomen
463 3929 673 4000 Dumoutr‘oe
687 3925 756 3996 sub
771 3948 847 4016 quo
861 3949 934 3996 una
949 3923 1084 4016 species
1097 3949 1117 3994 a
1129 3925 1403 4002 Lamnurouxio

127 4059 327 4116 memorata
359 4047 430 4118 fuit
443 4047 674 4130 retinueram,
687 4045 756 4114 nisi
769 4045 807 4112 in
820 4043 914 4138 Argis
941 4043 1156 4114 Britannicis
1171 4057 1303 4139 typum
1317 4025 1404 4120 Du·

125 4169 274 4238 urorrtioe
299 4167 463 4259 plantam
490 4165 594 4258 longe
614 4164 792 4236 diversans
813 4165 1089 4258 proclamaverit
1116 4164 1280 4254 Greville,
1296 4181 1333 4238 et
1355 4173 1403 4240 ita

125 4309 242 4380 genus
257 4286 328 4354 boc
346 4285 562 4356 auctoritate
580 4309 652 4355 non
666 4285 831 4356 violanda
851 4286 1048 4355 sacraverit.
1071 4285 1192 4356 Allatis
1207 4287 1400 4378 speciebus

126 4403 393 4500 Cbrysyrncniae
414 4403 691 4501 belocladium
719 4407 884 4476 uraniam
917 4413 1019 4480 Greu.
1044 4403 1177 4495 adjeci,
1204 4429 1287 4498 quae
1321 4430 1402 4476 ineo

114 4525 263 4618 ‘judicio
290 4530 347 4596 rix
374 4525 504 4596 dilsert.
528 4527 717 4598 Farellidia
740 4519 786 4597 a'd
802 4521 964 4620 unguem
978 4549 1064 4596 curn
1093 4517 1174 4596 Chr.
1192 4529 1403 4597 ventricosa

127 4648 384 4723 conveniunt:
409 4647 686 4747 hemisphaerica
709 4661 807 4734 sunt,
835 4646 1059 4744 separatione
1083 4645 1245 4722 duarum
1261 4647 1402 4724 frondis
