3378 5464
762 400 981 472 ..146-

279 612 357 673 liab.
373 629 390 673 a
403 615 592 693 profundiori
604 617 682 676 mari
696 618 838 696 rejectam
851 611 888 677 ad
904 616 1043 677 l’oaanoli
1056 617 1139 692 regni
1152 614 1342 695 Neapolitani
1353 615 1426 693 legi.

278 787 379 845 Primo
395 797 513 867 aspectu
529 797 559 845 et
575 798 637 847 toto
650 788 754 849 habitu
767 788 805 850 ll.
826 789 964 848 tinctorio
979 789 1150 859 simillima,
1173 791 1338 849 accuratius
1361 807 1434 851 vcro
1448 791 1513 851 ins·

237 897 322 972 pecta
340 890 442 969 plures
462 901 491 950 et
513 891 732 972 pulcherrimos
753 895 838 953 offert
861 897 1059 957 characteres.
1084 897 1187 956 Pinnae
1207 897 1399 976 pinnuloeque
1414 917 1432 958 a
1447 898 1513 958 basi

163 1027 166 1036 ·
237 995 342 1054 latiore
358 998 387 1054 in
409 999 524 1076 apicem
540 998 774 1078 acutiuscnlum,
792 1017 954 1059 recurvum
973 1003 1074 1082 potius
1101 1019 1190 1080 quam
1202 1003 1382 1076 incurvum,
1400 1003 1512 1062 sensim

113 1108 115 1116 '
237 1110 428 1159 attenuantur
434 1120 443 1172 ;
458 1110 488 1159 et
501 1105 670 1180 marginem
689 1121 743 1168 nee
754 1102 896 1163 laminam
911 1106 1025 1164 rachidi
1041 1105 1207 1166 advertunt.
1221 1107 1324 1164 l‘innae
1344 1108 1512 1187 superiores

237 1223 356 1264 sursum
377 1205 468 1265 nudae
495 1214 583 1280 sunt,
609 1205 899 1286 deorsumpinnula
927 1229 984 1268 una
1008 1209 1137 1270 alterare
1159 1212 1327 1284 instructae,
1353 1212 1511 1270 interiores

235 1313 374 1388 utrinque
402 1310 578 1389 pinnulatae.
605 1312 741 1370 Pinnulae
770 1314 932 1394 pinnasque
952 1314 1085 1392 juniores
1113 1315 1256 1372 interiore
1279 1313 1371 1374 latere
1398 1315 1511 1378 subca-

235 1417 395 1478 naliculato
425 1417 530 1482 lauras,
559 1420 707 1477 exteriore
732 1428 835 1481 autem
863 1419 979 1494 singula
1006 1419 1081 1476 serie
1117 1417 1280 1494 gibborum
1309 1418 1510 1496 subcontigue

234 1501 374 1598 cristam,
390 1520 488 1598 gibbis
503 1523 711 1581 minutissimis
726 1521 907 1582 diametrum
920 1521 1053 1602 pinnulae
1069 1519 1130 1578 iere
1144 1521 1209 1580 altis
1222 1540 1238 1579 a
1253 1521 1317 1580 basi
1330 1520 1437 1582 latiore
1449 1541 1509 1602 py-

232 1624 403 1683 ramidatim
418 1627 576 1683 attenuatis
589 1623 650 1681 fere
664 1625 818 1704 spiculatis
832 1627 895 1684 basi
913 1641 1021 1702 parum
1043 1621 1231 1683 distantibus.
1257 1623 1432 1684 Keramidia
1448 1626 1508 1686 lere

232 1728 387 1808 sphaerica,
396 1728 459 1786 basi
471 1729 561 1808 paulo
572 1729 690 1802 latiora,
703 1734 785 1809 apice
796 1732 945 1808 perforato
957 1726 1055 1804 gibbis
1070 1723 1217 1785 similibus
1230 1729 1364 1802 cristato,
1380 1727 1505 1788 adlatus

234 1843 389 1892 externum
406 1831 601 1911 pinnularum
616 1850 707 1910 supra
719 1832 855 1892 madium
870 1832 998 1905 sensilia,
1016 1849 1117 1909 sporus
1129 1831 1310 1910 pyrilcrmes
1324 1834 1509 1894 numerosis·

233 1937 334 2009 simas,
349 1937 381 1994 in
396 1932 626 2014 hemisphoeram
638 1937 716 1994 circa
730 1936 900 2015 placentam
915 1935 1067 2008 collectas,
1086 1937 1230 1996 foventia.

234 2145 277 2218 27
287 2145 316 2190 ι.
333 2124 379 2190 R.
397 2117 633 2216 complanata
642 2125 706 2216 Ag.
721 2144 773 2216 sp.
786 2147 824 2218 p.
839 2122 904 2210 54.

279 2347 365 2420 Obs.
381 2348 616 2442 Quamquam
626 2361 662 2420 et
676 2350 711 2418 in
726 2361 914 2444 systemate
926 2361 962 2419 et
975 2351 1012 2419 in
1027 2350 1217 2443 speciebus
1227 2351 1398 2446 ligarum
1409 2353 1505 2422 inter

229 2475 499 2568 Spoerococcum
526 2475 716 2542 cristatum
744 2484 779 2541 ct
815 2467 1065 2568 Rytiplzlaeam
1093 2471 1363 2568 complanatam
1395 2473 1504 2544 suerit

228 2593 457 2681 distinctum,
481 2604 516 2663 et
532 2592 748 2685 utraqnead
763 2616 874 2662 suurn
890 2617 1004 2686 genus
1029 2592 1139 2661 relata
1153 2594 1278 2678 fuerit,
1306 2592 1389 2663 licet
1412 2581 1499 2688 Splu

227 2717 400 2785 cristatus
422 2726 457 2782 et
480 2713 710 2807 aLyngbyeo
731 2725 766 2782 ct
792 2737 811 2784 a
836 2711 1010 2782 Grcvilleo
1030 2711 1197 2782 iconibus
1217 2712 1364 2804 optimis
1391 2727 1428 2786 et
1444 2714 1503 2784 de·

228 2831 488 2927 scriptionibus
511 2832 648 2901 eximiis
665 2833 774 2902 suerit
801 2831 1002 2901 illustratus
1023 2833 1196 2902 tamenin
1224 2833 1394 2924 pluribus
1417 2861 1502 2930 ope-

226 2953 328 3025 ribus
348 2975 546 3048 synonyma
561 2951 731 3045 Agardhii
746 2964 781 3021 et
791 2950 957 3021 Grevillei
972 2975 1060 3021 cum
1074 2954 1118 3021 Il.
1139 2955 1292 3024 cristata
1303 2957 1404 3024 Lam
1417 2979 1501 3026 con-

222 3098 323 3170 fusas
336 3073 556 3174 invenimus.
570 3069 705 3142 Plantae
726 3097 810 3141 sane
824 3083 908 3140 sunt
928 3084 1004 3142 toto
1019 3072 1108 3142 coelo
1125 3072 1392 3160 diversissimae;
1410 3073 1493 3171 Spt.

224 3171 397 3280 cristatus
407 3207 460 3267 est
473 3197 633 3266 marium
645 3193 845 3268 borealium
860 3195 975 3266 rarior
988 3193 1119 3281 incola,
1135 3193 1172 3262 in
1187 3192 1366 3264 Atlantico
1380 3219 1498 3289 usque

224 3321 271 3390 ad
288 3316 451 3412 Angliam
464 3314 645 3386 borealem
660 3327 695 3384 et
711 3316 748 3384 in
764 3316 887 3386 sinum
898 3311 1088 3388 Codanum
1107 3313 1330 3405 superiorem
1347 3313 1497 3386 descen·
1530 3349 1533 3351 ·

179 3450 182 3458 '
224 3438 333 3522 dens3
367 3432 585 3532 nyttptzlaea
624 3434 859 3531 complanata
899 3447 951 3505 est
977 3434 1131 3526 Europae
1165 3432 1330 3505 australis
1358 3435 1494 3526 incola,

225 3557 414 3652 usquead
439 3553 651 3626 Hiberniam
677 3556 794 3627 rarius
816 3554 1050 3626 adscendens,

355 3785 844 3878 nxx11.D1carouuu1sGrev.
865 3827 945 3903 syn.
954 3810 994 3876 J.
1016 3808 1095 3902 Ag.
1123 3801 1235 3904 symb.
1250 3831 1287 3902 p.
1311 3831 1368 3902 27.

225 4057 306 4131 upa.
320 4041 366 4106 D.
382 4031 556 4108 volubilis
575 4039 682 4107 Grau.
698 4033 723 4102 l.
736 4031 853 4130 c.Ag.
869 4056 922 4132 sp.
940 4036 972 4104 Ι.
984 4057 1022 4128 p.
1035 4029 1364 4134 374.,Volabilarm
1379 4031 1494 4106 Medi.
1534 4052 1539 4057 ·

272 4171 440 4228 terranea
460 4163 715 4270 Boryguoree.

264 4329 343 4394 llab.
361 4329 397 4389 ad
411 4341 534 4390 truncos
550 4337 682 4389 uetustos
697 4328 866 4386 Posidoniec
878 4338 1033 4404 ceteraque
1048 4327 1250 4408 profundioris
1267 4330 1376 4400 maris3
1390 4347 1426 4390 ex
1438 4329 1491 4388 In-

225 4433 288 4496 sula
302 4437 383 4516 l’ago
396 4434 552 4498 Dalmatica
565 4431 736 4506 Biutolrtt03
750 4433 928 4494 rutissano
942 4429 1084 4512 [prologi.
