3378 5464
691 427 907 502 -145-

425 672 515 720 nxxt.
535 645 756 724 Burrenum.
780 660 816 726 J.
837 653 912 752 Ag.
931 621 1052 753 Symb.
1065 683 1101 754 p.
1120 659 1176 730 26.

168 850 250 924 268.
265 858 311 924 R.
325 815 570 950 pinastroidcs
582 857 656 954 Ag.
674 856 765 954 Syn.
778 900 826 914 -
845 864 952 934 Grec.
967 861 1055 958 Atg.
1073 832 1256 952 Britbann.
1274 891 1312 964 p.
1333 870 1412 958 104.

206 1019 286 1079 nat.
303 1021 335 1078 in
351 1021 474 1081 sinubus
489 1040 598 1101 parum
611 1025 768 1106 profundis
783 1026 819 1084 ad
835 1045 904 1089 saxa
919 1028 1066 1104 demersa,
1080 1030 1148 1091 fuce
1164 1041 1192 1090 et
1206 1033 1295 1092 undis
1307 1039 1440 1115 exposita

166 1125 197 1181 in
213 1131 342 1201 utroque
358 1126 434 1184 mari
448 1127 627 1204 frequenter.
738 1131 739 1136 ’

168 1309 250 1406 269.
275 1317 319 1384 R.
345 1316 516 1386 cinctoria
540 1316 617 1415 Ag.
640 1339 692 1413 sp.
709 1342 746 1413 p.
767 1320 826 1390 52.
842 1321 971 1396 fronde
995 1343 1200 1416 compressa
1222 1327 1443 1416 plano-sub-

215 1430 452 1506 canalicnlata
466 1460 509 1506 ex
524 1438 687 1532 margine
703 1435 905 1532 bipinnata,
923 1439 1044 1534 pinnis
1062 1438 1236 1532 utrinque
1257 1440 1443 1533 aequaliter

213 1555 416 1647 pinnulatis
440 1555 576 1628 lamina
597 1558 746 1628 rachide
772 1561 1042 1641 subcontrario,
1070 1559 1232 1654 pinnulis
1261 1561 1443 1631 sublinea-

212 1673 315 1748 ribus
329 1674 478 1748 laevibus
492 1677 594 1770 apice
606 1679 776 1750 incurvis.
815 1743 818 1748 .

204 1838 284 1901 Hab.
299 1841 329 1898 in
346 1829 521 1904 scrobiculis
533 1860 640 1921 parum
654 1841 830 1922 profundis,
848 1845 927 1904 unda
944 1865 1022 1926 saepe
1036 1846 1199 1924 superfusis
1216 1845 1337 1923 soleque
1350 1849 1444 1905 maxi·

163 1960 214 2001 me
228 1945 369 2023 expositis
382 1948 538 2025 utriusque
551 1951 654 2018 maris3
668 1951 699 2006 in
716 1949 864 2011 Adriatico
877 1970 971 2029 usque
982 1951 1018 2008 ad
1029 1950 1163 2010 Insulam
1174 1953 1255 2028 Pago
1266 1949 1439 2014 Riosofetto!

163 2049 201 2107 ln
214 2047 431 2110 Mediterraneo
447 2049 484 2109 ad
499 2052 649 2126 Nicaeam,
665 2055 820 2127 Ponzuofi,
837 2064 893 2114 etc.

205 2199 350 2278 Gaespites
368 2198 423 2256 2-3
438 2197 595 2277 pollicarcs
612 2200 798 2276 densissimi,
816 2219 853 2258 cx
870 2209 970 2258 crusta
985 2199 1108 2258 radicafi
1129 2210 1300 2276 surgentes,
1317 2189 1381 2256 basi
1396 2199 1441 2256 fe-

165 2303 245 2359 viter
258 2312 511 2380 purpurascentes
526 2304 848 2382 superne-lutescentes
857 2344 868 2377 ,
885 2323 922 2363 ex
936 2305 1003 2363 foco
1017 2304 1106 2363 natali
1121 2313 1243 2384 arreptae
1255 2305 1396 2361 citissime
1410 2303 1440 2359 in

162 2422 351 2483 purpureum
375 2405 536 2477 abeuntes,
563 2409 762 2466 exsiccatione
783 2409 911 2489 denique
937 2416 1147 2488 nigrescentes.
1167 2417 1260 2471 Frons
1279 2411 1366 2489 plana
1390 2409 1442 2468 sed

162 2505 270 2582 leuiter
295 2508 509 2585 canaliculata,
528 2510 656 2589 simplex
672 2522 722 2570 aut
743 2532 877 2589 ramosa,
897 2517 1051 2596 bipinnata
1073 2519 1155 2596 apice
1170 2519 1296 2574 incurvo
1322 2514 1438 2576 obtusa.

163 2615 267 2672 Pinnae
282 2633 318 2674 cx
338 2617 473 2692 margine
488 2615 633 2689 distichae,
650 2619 740 2697 paulo
757 2637 847 2700 supra
861 2621 944 2678 basin
960 2620 1081 2697 oblique
1095 2622 1135 2677 ita
1150 2631 1236 2678 tortae
1250 2629 1283 2678 ut
1298 2620 1438 2697 pagiuam

162 2719 286 2802 planam
320 2739 374 2781 nec
398 2724 565 2800 marginem
590 2724 703 2783 rachidi
728 2725 903 2796 advertant,
932 2723 1115 2802 pinnulatae,
1140 2722 1272 2800 pinnulis
1296 2707 1435 2798 utrinque

163 2827 318 2904 aequafitcr
331 2827 460 2886 evolutis
473 2828 691 2888 sublinsaribus
706 2841 734 2888 et
750 2831 889 2905 utrinque
904 2829 1133 2906 taeattus,apica
1148 2827 1296 2887 involuto.
1307 2823 1435 2906 Ceflufae

163 2931 302 2994 frondem
330 2935 544 2993 constituentes
574 2934 720 2996 centrales
755 2933 884 3010 majores
920 2930 1293 3010 hexagono-prismaticae
1328 2928 1436 2986 eodem

162 3035 254 3115 plano
277 3037 409 3096 tertioafi
432 3036 654 3098 ethorizontali
670 3039 820 3118 dispositae
836 3035 1041 3115 apparentiam
1059 3033 1158 3092 frondi
1179 3030 1366 3090 articulatam
1379 3032 1435 3088 tri·

161 3139 272 3214 buunt,
282 3160 348 3220 quae
357 3151 458 3200 tamen
473 3140 512 3200 ob
525 3141 648 3201 cellulas
662 3143 838 3219 irregulares
854 3150 989 3199 externas
1005 3143 1034 3197 in
1049 3131 1173 3211 recenti,
1185 3139 1241 3196 nisi
1252 3137 1319 3194 luce
1331 3135 1435 3194 adver-

162 3245 249 3315 titur,
264 3261 374 3322 parum
392 3247 568 3324 conspicua,
586 3246 616 3302 in
633 3246 790 3318 exsiccata,
805 3243 858 3302 ubi
873 3247 972 3302 minus
987 3242 1178 3302 collabuntur
1195 3239 1332 3318 genicula
1346 3255 1437 3316 quam

161 3364 230 3426 pars
254 3346 353 3405 media
377 3347 566 3426 cellularum,
582 3350 667 3427 quasi
680 3365 763 3425 rugae
777 3348 987 3407 transversarios
1010 3349 1149 3406 interiore
1173 3342 1329 3405 canaliculi
1344 3343 1435 3403 latere

162 3449 347 3510 observanda
359 3461 413 3508 est.

214 3604 514 3680 Vennonianis
527 3608 664 3702 :pinnis
674 3608 902 3680 densioribus
914 3607 1188 3679 subdivaricatis
1198 3607 1436 3701 pinnulisque

161 3729 327 3800 recurvis
341 3727 509 3799 frondem
524 3727 616 3798 hinc'
627 3729 899 3801 teretiusculam
918 3727 1205 3822 subtegentihus.

202 3903 284 3964 Hah.
299 3922 335 3962 ex
348 3902 453 3962 Insula
467 3905 547 3981 Pago
564 3902 646 3962 dedit
659 3903 826 3975 Biasoletto.

166 4085 246 4157 27⁰·
262 4066 306 4132 R.
328 4064 570 4132 semicristota
580 4042 662 4134 ήονζ
672 4085 724 4159 sp.
735 4059 863 4130 fronde
878 4059 1081 4152 compressa
1096 4045 1436 4149 plano-'subcandi-

211 4183 347 4269 culata,
374 4183 474 4274 apice
500 4184 708 4254 acuminato
734 4181 964 4251 rectiuscula'
980 4195 1022 4249 cx
1046 4181 1206 4272 margine
1233 4176 1435 4269 bipinnata,

212 4303 334 4395 pinnis
361 4293 594 4376 inferioribus
620 4303 794 4394 utrinque
815 4300 1069 4394 subaequaliter
1095 4298 1312 4393 pinnulam,
1330 4319 1438 4390 supe-

213 4424 372 4495 rioribus
394 4449 541 4496 sursum
571 4423 681 4494 nudis
707 4423 881 4492 deorsum
906 4421 1120 4514 pinnulatis,
1138 4418 1272 4488 lamina
1288 4415 1438 4487 rachide

213 4544 404 4636 parabola,
423 4545 585 4640 pinnulis
605 4545 716 4615 abasi
732 4543 849 4613 latiori
867 4542 1060 4612 attenuatis
1075 4539 1302 4611 subrecurvis
1330 4537 1437 4608 dorso

209 4665 376 4738 cristatis.

1252 4802 1290 4864 to
