3378 5464
709 421 759 438 -
785 384 854 455 117
880 421 929 438 -

182 531 321 629 duplici
343 547 408 606 eut
434 535 638 630 multiplici.
657 536 746 606 serie
776 533 961 628 dispositae
971 525 1219 628 (Stachtduuu
1239 529 1453 628 formantes)

181 654 276 724 intre
292 656 534 748 porisporium
553 654 745 748 hyalinum
758 655 796 724 in
814 653 976 748 sporaslp
993 651 1171 746 triangulo
1190 651 1323 724 divisae.

232 773 448 845 Affinitatem
464 773 577 869 hujus
593 775 712 845 tribus
729 799 817 846 oum
836 770 1051 846 Chondrieis
1069 774 1274 865 proximam
1295 771 1369 866 jam
1391 797 1453 845 su-

181 919 248 988 pra
262 894 441 972 indicavi.
468 909 505 966 et
525 897 638 989 magis
669 897 741 966 iere
767 895 1062 966 antecedentium
1086 903 1283 963 auctorum
1308 917 1451 965 morem

179 1037 317 1108 gerens,
336 1015 403 1107 qui
416 1027 611 1084 structurae
631 1015 738 1086 dictae
754 1013 1031 1085 articulataeaut
1050 1011 1452 1098 inarticulataeuntum

179 1133 374 1221 dederunt,
404 1159 518 1228 quam
540 1137 689 1229 propria
719 1135 890 1228 opinione
919 1133 1056 1203 ductus
1091 1145 1132 1204 ut
1155 1132 1310 1206 diversas
1333 1133 1452 1206 tribus

179 1253 337 1325 distinxi.
352 1251 563 1326 Differentia
576 1254 733 1326 indicata
746 1266 939 1325 structurae
951 1265 987 1324 et
999 1253 1047 1322 ab
1062 1241 1122 1324 illa
1132 1253 1316 1346 pendente
1329 1253 1454 1348 dispo·

179 1375 306 1447 sitione
322 1376 661 1470 sphaerosporarum
680 1377 786 1447 unice
803 1373 991 1443 differunt.

228 1493 375 1566 Limites
396 1507 433 1566 et
452 1496 689 1581 characteres,
708 1495 845 1589 quibus
866 1491 920 1588 (in
934 1492 1051 1588 symb.
1070 1517 1107 1587 p.
1126 1493 1172 1562 25
1184 1504 1222 1564 et
1236 1491 1328 1590 seq.)
1344 1495 1453 1566 fami-

177 1615 265 1686 liam
287 1614 587 1694 circumscribere
604 1627 757 1686 conatus
776 1640 861 1688 sum
878 1671 888 1703 ,
908 1640 1094 1705 conservo,
1114 1616 1161 1688 ab
1182 1618 1355 1712 opinione
1378 1617 1451 1691 Cel.

178 1734 349 1831 Demisne
363 1736 410 1806 de
431 1735 670 1807 affinitatibus
695 1759 870 1829 generum
891 1739 966 1811 huc
983 1740 1248 1832 pertinentium
1269 1739 1307 1810 in
1322 1738 1451 1813 multis

176 1856 358 1929 recedens.
375 1855 594 1954 nyctplzloee
610 1855 706 1929 illius
727 1870 850 1929 nostra
871 1859 990 1930 tribus
1006 1857 1081 1930 iere
1104 1859 1361 1952 responderet,
1387 1857 1451 1932 scd

180 1989 212 2048 1⁰
225 1977 411 2074 Dasyom,
426 1976 726 2076 Polysiphoniem
741 1993 782 2050 et
792 1977 982 2051 Alsulium
999 1978 1046 2049 ad
1076 1980 1282 2062 Ceramicus
1303 1975 1449 2064 retulit3

178 2109 212 2166 2⁰
239 2095 420 2170 Claudeae
445 2122 577 2168 novam
608 2100 782 2186 familiam
810 2095 1229 2194 Anomalophyllearum
1251 2098 1448 2184 condidit;

176 2215 211 2290 3⁰
229 2218 371 2293 Novum
385 2243 499 2313 genus
515 2217 814 2291 Heterocladiam
827 2215 1047 2318 nyctpttoeis
1056 2218 1284 2290 adnumerat.
1299 2219 1335 2308 4·
1346 2219 1451 2290 Cete-

176 2363 258 2411 rum
275 2337 602 2436 Acanthoplsoram
616 2343 818 2437 Digeneam
829 2354 865 2412 et
883 2343 1104 2438 Dictyurum
1118 2339 1269 2412 exclusit
1283 2353 1318 2410 et
1333 2351 1449 2422 totam

177 2459 316 2531 tribum
330 2483 461 2530 manco
473 2459 690 2544 charactere,
705 2484 764 2529 me
779 2459 913 2553 judice,
931 2459 1267 2546 condidit—Quod
1282 2461 1449 2554 primum

176 2583 304 2652 attinet
330 2581 541 2654 affinitatem
560 2590 700 2680 Daoyoe
729 2579 1004 2680 Polysiphonioe
1029 2594 1095 2654 cet.
1122 2605 1210 2651 cum
1241 2573 1446 2669 Ceramieis,

176 2697 279 2773 illuns
305 2704 601 2776 antecedentium
630 2703 839 2800 Algolorum
865 2705 1034 2800 opinione
1063 2704 1223 2775 ductum
1243 2702 1353 2772 fuisse
1369 2725 1450 2774 crc-

177 2824 261 2894 dere
275 2821 327 2894 sos
341 2837 406 2896 cst.
420 2825 612 2911 Quantum
626 2824 701 2908 ulla
717 2823 783 2896 alie
799 2849 928 2920 genere
943 2826 980 2894 in
999 2838 1074 2898 tote
1086 2827 1176 2896 serie
1190 2823 1450 2897 Floridearum

176 2941 405 3034 discrepant,
440 2947 642 3018 Ceramieoe
670 2971 691 3014 a
723 2942 986 3042 Polysiphonia
1016 2944 1167 3038 aliisque
1196 2939 1450 3017 Ilbodomeleis

173 3061 306 3132 distare
325 3063 416 3134 mihi
443 3065 637 3149 videntum
661 3073 694 3134 ‘2⁰
714 3063 946 3136 Cheracteres
967 3059 1309 3161 Anomalophylleis
1326 3063 1448 3134 tribu·-

176 3194 230 3252 tos
247 3181 293 3252 de
309 3208 403 3254 novo
424 3187 644 3273 examinavi,
663 3185 724 3256 sed
751 3186 818 3254 nisi
838 3207 879 3254 cx
896 3185 1096 3254 ¹fenestrata
1113 3184 1242 3255 fronde
1261 3182 1316 3251 vel
1342 3206 1361 3248 e
1383 3184 1448 3254 sti-

177 3301 385 3374 chidiorum
401 3305 439 3374 in
462 3304 581 3377 media
598 3306 749 3392 fronde,
773 3305 854 3374 loco
876 3305 923 3372 ad
947 3306 1137 3398 margines,
1156 3316 1336 3398 proventu
1363 3301 1447 3374 oha-

142 3509 144 3518 .
176 3421 400 3515 characteres
417 3402 657 3496 distinctionis
674 3424 844 3498 sumendi
863 3436 961 3512 sunt,
989 3423 1128 3494 nullom
1144 3422 1248 3494 video
1265 3425 1444 3498 rationem

177 3539 379 3613 Clondeam
398 3567 419 3610 a
436 3541 686 3616 Rhodomeleis
706 3544 961 3640 distinguendi.
986 3545 1020 3614 3⁰
1041 3544 1141 3614 Licet
1167 3569 1306 3619 novum
1332 3570 1445 3638 genus

176 3660 444 3734 Heterooladioe
466 3676 610 3736 tantum
629 3689 671 3734 ex
690 3665 823 3760 analysi
840 3665 886 3734 ab
909 3665 986 3759 ipso
1001 3665 1198 3735 Decaisneo
1215 3662 1300 3734 data
1314 3689 1446 3760 cogno-

176 3783 302 3871 verim,
320 3784 529 3876 opinionem
545 3784 592 3853 de
608 3786 779 3856 affinitate
796 3809 883 3855 cum
900 3783 1120 3882 Rytiphloeis
1143 3784 1199 3855 vix
1214 3784 1347 3879 justam
1367 3811 1446 3856 cre-

176 3903 344 3974 diderim.
369 3901 507 3975 Omnes
531 3905 669 3998 generis
696 3903 919 3976 characteres
943 3897 990 3974 ad
1016 3908 1240 3976 Naccariam
1262 3905 1354 3976 illud
1380 3927 1447 4000 ep-

176 4025 425 4118 propinquorc
437 4025 531 4098 mihi
545 4025 725 4111 videntur,
739 4023 1128 4124 etlsphaerospororum
1144 4023 1181 4095 in
1200 4024 1340 4116 duplici
1355 4027 1447 4097 eerie

176 4139 364 4235 dispositio
383 4145 504 4216 iorsen
525 4146 638 4241 magis
657 4144 887 4217 accidentalis
912 4144 1089 4216 censenda
1112 4146 1169 4216 sit.
1193 4142 1447 4241 Polyphemo-

177 4285 257 4337 rum
273 4261 434 4356 denique
451 4265 589 4338 tribum
610 4269 685 4340 suis
703 4265 913 4362 Rytiphlaeis
933 4267 1094 4337 vicinum
1112 4267 1238 4360 posuit
1254 4266 1447 4361 Algologus
1530 4287 1534 4296 ·

178 4380 447 4470 celeberrimus,
486 4389 587 4481 quod
620 4389 803 4476 omnibus,
827 4405 910 4480 ques
933 4386 978 4458 dc
1002 4385 1321 4472 affinitatehabeo
1348 4387 1448 4458 idaeis

179 4502 227 4571 ita
244 4518 437 4600 repugnat,
451 4519 493 4580 ut
510 4508 600 4604 quid
615 4511 853 4602 respondeam
869 4531 953 4580 sane
968 4507 1137 4580 nesciam.
1152 4507 1359 4610 Specimino
1373 4531 1448 4582 uon
