3378 5464
667 308 890 382 -tttt-

188 452 330 534 Caespites
346 448 401 512 2-a
420 451 578 535 pollicares
593 450 688 515 densi.
706 452 767 510 uua
786 453 926 532 primaria
946 453 1051 524 ceteris
1072 469 1181 532 parum
1202 457 1346 517 crassiora
1367 471 1413 516 se-

147 547 229 616 tacea
243 543 259 615 a
273 557 336 616 basi
351 556 504 615 articulata
519 556 724 636 subpinnatim
735 573 852 615 ramosa
861 566 890 615 et
904 558 981 618 inter
994 574 1092 616 ramos
1106 557 1250 616 flexuosa.
1261 560 1349 618 Remi
1364 579 1414 618 ra·

147 665 261 722 mulius
272 663 309 722 ad
320 660 494 741 geniculum
509 663 651 740 quodque
665 672 806 740 quartum
816 661 994 742 plerumque
1010 660 1213 736 egredientes,
1231 661 1372 721 submitti
1387 674 1417 724 at

74 801 78 809 s
148 767 326 846 plerumque
351 763 584 845 versus'apicem
609 766 796 844 longitudine
810 764 1030 833 decrescentes,
1056 760 1207 840 longiores
1231 775 1259 822 et
1284 739 1418 843 supremi

148 873 260 948 angulo
273 882 379 944 acuto,
396 872 505 930 ramuli
515 871 671 930 inferiores
687 873 797 948 angulo
818 867 955 926 subrecto
971 865 1165 944 egredientes,
1183 866 1304 926 Remuli
1318 891 1334 926 a
1353 847 1417 928 lrasi

149 976 248 1034 latiori·
263 977 374 1034 sensim
399 977 571 1048 acuminati,
586 976 753 1054 superiores
775 970 1002 1051 simpliciusculi
1022 969 1238 1052 penicilligeri,
1259 971 1419 1032 adultiores

149 1079 337 1156 divergenter
350 1077 508 1151 ramulosi,
518 1078 621 1136 infimi·
630 1077 815 1139 subrecurvi.
828 1069 950 1137 Articuli
965 1075 1076 1154 ubique
1088 1075 1334 1154 distincti‚‚iolimi
1345 1081 1419 1136 rami

149 1183 283 1261 cujusvis
297 1181 476 1256 brevissimi,
492 1184 660 1262 superiores
675 1182 821 1240 diametro
835 1195 943 1259 parum
954 1177 1119 1256 longiores,
1129 1181 1160 1236 in
1171 1178 1420 1259 ramulisspinae-

152 1287 297 1346 sormibus
314 1285 492 1346 diametrum
507 1289 556 1346 vix
570 1296 730 1365 aequantes.
748 1285 896 1366 siphones
914 1283 970 1343 6-8
982 1283 1197 1362 distinguendi.
1216 1283 1361 1344 Genicula
1377 1285 1421 1344 le-

151 1390 227 1447 viter
241 1389 367 1449 elevata.
1251 1385 1253 1392 ’

154 1540 237 1611 263.
250 1542 292 1611 P.
309 1563 426 1637 opaca
440 1538 507 1638 Ag
520 1517 574 1637 spi
589 1565 626 1636 p.
644 1561 689 1634 97
703 1568 711 1608 :
725 1537 787 1609 filo
799 1541 972 1632 primario
989 1545 1010 1608 a
1024 1538 1101 1610 basi
1114 1537 1306 1610 articulato
1320 1538 1423 1632 poly-

204 1644 373 1755 siphonio
385 1661 493 1731 ramis
502 1658 726 1753 ramulisque
735 1637 943 1730 lateralibus
951 1659 1289 1753 pyramidato,apice
1300 1660 1423 1727 stricto

205 1783 310 1874 longe
319 1778 778 1873 supereminente‚ramulis
787 1776 1423 1869 simpliciusculis‚fertilibusacumi·

206 1902 300 1970 netis
318 1898 501 1987 flexuosis,
518 1901 700 1994 supremis
710 1899 861 1984 obtusis,
875 1898 1033 1968 articulis
1045 1897 1222 1966 diametro
1235 1894 1425 1989 subaequa-

201 2020 298 2096 libus
316 2019 595 2106 to·15-venosis,
607 2018 781 2113 geniculis
794 2018 1019 2088 subclevatis.

194 2164 273 2224 Hal).
294 2165 331 2224 ad
345 2181 414 2223 saxa
428 2174 604 2240 ceteraque;
631 2165 661 2220 in
681 2165 757 2222 mari
773 2160 924 2220 Adriatico
940 2161 976 2218 ad
995 2161 1172 2238 Tergestum
1186 2157 1263 2234 lpse,
1279 2178 1316 2218 ex
1329 2160 1427 2218 insula

130 2249 134 2258 ⁸
155 2271 236 2346 Pago
250 2267 405 2328 Bicsoletto
418 2267 426 2325 i
440 2271 472 2326 in
487 2267 706 2327 Mediterraneo
722 2265 759 2327 ad
773 2266 871 2327 littora
884 2267 1136 2348 Galloprorinciae
1150 2265 1245 2325 Solier
1260 2277 1289 2325 et
1304 2261 1427 2341 Pany-

155 2373 249 2434 moad.
585 2365 588 2374 ’

205 2541 302 2605 Inter
323 2533 370 2604 P.
385 2531 609 2604 ramulorum
621 2531 726 2602 et'P.
752 2543 934 2602 arrectam
962 2533 1067 2626 quasi
1089 2531 1304 2602 intermedia
1328 2543 1371 2600 et·
1381 2527 1428 2598 ab

159 2668 322 2747 utraque·
348 2651 533 2724 difficilius
566 2651 842 2745 distinguenda,
869 2664 904 2723 et
934 2653 1085 2746 quidem
1126 2632 1257 2725 habitu
1294 2651 1430 2722 facilius

160 2789 275 2867 quam
300 2772 582 2842 characteribus.
609 2773 700 2841 Toto
722 2795 855 2866 nempe
878 2773 1007 2844 habitu
1038 2774 1177 2866 aliquid
1202 2775 1316 2844 stricti
1339 2773 1433 2852 inest

160 2893 262 2986 quod
286 2893 324 2960 in
345 2891 405 2962 illa
434 2892 584 2961 omnino
609 2891 835 2962 desideratur
855 2916 922 2963 nec
944 2895 982 2962 in
998 2896 1107 2964 ramis
1124 2893 1293 2964 flexuosis
1310 2890 1431 2984 nujus

159 3011 457 3104 deprehenditur.
474 3007 705 3080 Ramisrcatio
728 3011 855 3079 eximie
877 3010 1113 3104 pyramidata,
1131 3010 1232 3102 apice
1251 3001 1432 3105 producto

134 3115 138 3122 ⁵
159 3125 323 3201 ramulos
346 3130 508 3200 laterales
546 3131 848 3225 supereminente.
876 3131 979 3201 Remi
1015 3131 1224 3224 ramulique
1249 3115 1434 3223 patentes,

160 3275 228 3320 nec
254 3261 296 3320 ut
315 3251 353 3318 in
365 3249 601 3319 antecedente
614 3243 856 3344 erectiusculi‚
872 3276 938 3320 nec
952 3253 1133 3322 inferiores
1151 3263 1191 3332 ut
1205 3251 1241 3320 in
1256 3261 1435 3344 sequente

163 3369 442 3445 horizontalcset
456 3373 641 3444 divaricati
651 3366 1435 3468 magisqueirregulariterexeuntesllamuli.

163 3493 348 3563 inferiores
366 3494 566 3590 acuminati
589 3492 881 3586 simpliciusculi‚
905 3515 972 3566 nec
991 3492 1089 3564 utin
1113 3502 1288 3585 sequente
1303 3487 1439 3559 divari-

165 3612 470 3699 cata-ramulosi,
499 3614 661 3706 supremi
696 3613 744 3684 ob
778 3611 964 3704 penicillos
997 3609 1155 3683 filorum
1180 3606 1436 3681 obtusiusculi.

166 3732 415 3804 Articulorum
440 3729 599 3827 denique
623 3735 792 3829 siphones
804 3708 1086 3817 numerosiores,
1113 3746 1151 3803 et
1173 3725 1341 3826 genicula
1366 3727 1439 3798 ele-

166 3864 245 3923 rata
263 3853 387 3946 potius
405 3875 517 3948 quam
534 3863 733 3924 contracta.
752 3846 759 3852 ”

169 4023 251 4115 264.
283 4031 327 4097 P.
334 4023 455 4124 ferox
468 4051 547 4098 nov.
562 4050 614 4123 sp.
630 4026 692 4098 iilo
704 4025 879 4120 primario
892 4051 913 4095 a
926 4024 1004 4096 basi
1022 4024 1216 4096 articulato
1230 4020 1441 4118 polysipho-

218 4147 282 4216 nio
294 4146 509 4217 dichotomo
524 4149 710 4242 ramisque
722 4146 874 4216 ramulis
887 4142 1143 4216 conformibus
1158 4141 1441 4216 horizontalibus

218 4265 486 4360 divergentibus
519 4267 812 4361 simpliciusculis
837 4265 1017 4340 subulatis
1038 4264 1176 4351 obsitis,
1198 4264 1303 4357 apice
1333 4259 1443 4333 nudis

219 4385 410 4480 elongatis,
425 4389 587 4459 articulis
600 4389 861 4481 primariorum
880 4389 1057 4460 diametro
1070 4387 1300 4460 brevioribus
1315 4407 1445 4458 ramu-

220 4505 341 4580 lorum
350 4507 571 4622 brevissimis
585 4511 642 4584 6·8
659 4509 809 4584 venosis.
