3378 5464
809 443 860 476 -·
887 423 955 496 108
984 462 1033 477 —

335 573 536 666 Pericarpia
550 575 670 666 potius
693 549 955 668 lagenaeiormia
971 575 1009 644 h.
1024 602 1055 646 e.
1078 575 1247 646 inferiore
1262 590 1363 668 parte
1375 579 1553 670 'sphaerica

286 695 453 788 superne
466 695 503 764 in
527 694 662 765 collum
685 697 786 788 apice
799 694 990 766 dilacerata
1013 696 1142 766 lacinia
1161 709 1332 788 apertum
1349 699 1548 791 producta,

284 859 331 873 -—
351 841 463 911 quam
479 820 603 890 conica
627 819 680 889 vel
694 817 942 902 oburc'eolata‚
961 815 1084 909 qualia
1110 816 1155 886 ab
1178 817 1391 888 auctoribus
1418 817 1554 890 descri-

283 937 437 1009 buntur.
768 939 770 943 ’
1370 931 1372 940 ’

627 1140 793 1214 rursus
819 1142 883 1235 lu.
911 1140 1204 1213 cuounaun.

332 1317 442 1388 Frons
468 1314 635 1391 celiulosa
662 1320 836 1390 contiuua
864 1317 920 1388 vel
948 1316 1383 1408 articulato-constricta,
1415 1315 1552 1391 cellulis

281 1438 433 1508 minutis
450 1450 626 1520 contexta.
656 1439 810 1508 Fructus
834 1436 970 1530 duplex
999 1462 1009 1509 a
1044 1434 1264 1538 Keramidia
1295 1439 1341 1508 ad
1382 1439 1552 1510 frondem

280 1567 443 1642 externa,
457 1558 551 1626 intra
572 1557 817 1648 pericarpium
832 1555 1068 1644 cellulosum‚
1096 1557 1200 1648 apice
1218 1558 1430 1652 regulariter
1444 1583 1552 1652 aper-

281 1687 382 1760 tum,
412 1699 535 1768 sporas
563 1675 776 1771 pyrilormes
805 1675 850 1744 ad
885 1674 1087 1768 placentam
1128 1674 1328 1746 ceutralem
1354 1681 1552 1771 augustiori

279 1797 381 1890 apice
405 1795 535 1882 affian,
565 1796 732 1866 radiatim
767 1807 954 1880 exeuntes,
987 1795 1144 1889 singulas
1172 1797 1374 1890 perisporio
1404 1797 1550 1891 hyalino

278 1917 437 2002 cinctas,
460 1917 614 2012 invicem
639 1915 838 1987 subliberas
863 1915 1032 2008 gerentia.
1056 1916 1311 2010 Spaerosporoe
1336 1918 1374 1985 in
1399 1899 1550 1990 ramulis

278 2060 418 2129 sparsae,
442 2062 462 2104 o
483 2037 618 2108 cellulis
649 2035 1026 2126 inira-epidermaticis
1053 2035 1235 2120 sormatae,
1254 2025 1359 2106 iutra
1386 2039 1548 2130 perispo-

277 2156 374 2226 rium
402 2157 590 2251 hyaliuum
609 2159 646 2226 iu
661 2179 784 2249 speras
800 2151 823 2240 4
837 2153 1016 2246 triangulo
1032 2151 1166 2225 divise.
1547 2140 1549 2148 '

327 2273 540 2370 Chonclrieoe
554 2324 641 2370 cum
661 2295 910 2370 Rhodomeleis
926 2295 1056 2366 intima
1077 2296 1251 2368 affinitate
1263 2296 1411 2390 junctae,
1424 2301 1548 2370 fructu

275 2421 452 2512 capsulari
476 2423 625 2488 omuino
651 2420 798 2504 eodem,
823 2428 1007 2487 structura
1027 2427 1064 2486 et
1078 2397 1300 2510 vegetatione
1316 2443 1449 2511 parum
1467 2422 1543 2491 dis-

276 2538 855 2634 crepantibus,etsplraerosporis
882 2519 1058 2605 immo‘in
1090 2536 1193 2628 apice
1224 2537 1452 2608 ramulorum
1482 2554 1549 2609 aut

273 2658 506 2730 iuramentis
530 2663 685 2754 propriis
711 2655 990 2728 obvenientibus
1014 2654 1087 2724 fere
1111 2659 1373 2726 convenientes.
1398 2657 1545 2750 Species

274 2777 395 2870 plures
412 2784 630 2850 Laurenciae
644 2780 786 2850 habent
810 2773 956 2846 cellulas
972 2772 1038 2860 4-5
1059 2774 1153 2842 circa
1177 2776 1260 2844 axin
1282 2773 1452 2845 radiatim
1469 2778 1548 2849 dis*

273 2903 405 2993 positas
437 2927 670 2998 permaguas,
698 2902 869 2972 divisione
901 2893 1188 2965 iutrautriculari
1215 2891 1375 2991 denique
1405 2896 1545 2969 cellulis

274 3021 860 3094 minoribuscircumdatas-seu
872 3025 1096 3116 structuram
1107 3016 1258 3084 nurnine
1266 3013 1545 3114 Polysiphoniae

269 3140 497 3234 aliarumque
521 3167 697 3236 generum
719 3167 739 3211 c
762 3142 863 3211 tribu
887 3135 1228 3244 ledonreleurum.
1253 3139 1281 3210 A
1316 3137 1543 3236 Sphorococ-

272 3258 405 3332 coideis
416 3261 592 3333 differunt
609 3261 809 3356 pericarpio
820 3239 962 3352 semper
985 3271 1123 3350 aperto,
1135 3261 1461 3354 forma'saepissime
1478 3286 1542 3332 ur-

271 3385 405 3455 ceolata
417 3399 452 3455 et
463 3390 844 3480 'praecipuesporarum
859 3384 1126 3464 formationeet
1136 3383 1263 3452 forma.
1274 3382 1396 3476 Sporae
1405 3409 1542 3480 nempe

270 3500 647 3598 Spiroeroocoideorum
663 3507 700 3575 iu
720 3504 879 3576 articulis
897 3501 1046 3604 filorum
1070 3502 1533 3576 clavato-mouiliformium

269 3635 355 3694 -et
366 3626 489 3717 itaque
499 3627 536 3695 in
547 3613 688 3719 singulo
702 3624 763 3695 lilo
776 3621 1075 3694 multiarticulato
1086 3645 1200 3716 sporae
1210 3626 1539 3696 numerosae-ior·

270 3750 443 3824 mautur3
468 3740 505 3808 in
534 3735 749 3810 Chondrreis
775 3749 902 3808 contra
926 3741 1149 3812 inchoantur
1179 3766 1297 3835 sporae
1323 3755 1366 3814 ut
1395 3744 1539 3838 papillae

271 3857 446 3948 obovatae,
465 3859 616 3928 invicem
635 3858 784 3930 omnino
799 3858 930 3944 liberae,
947 3883 988 3930 ex
1006 3861 1172 3954 placenta
1185 3863 1317 3932 sensim
1330 3865 1443 3955 magis
1460 3885 1541 3932 ma-

269 3980 395 4070 gisque
408 3981 653 4072 provenientes
662 3980 781 4064 ,dum
807 3979 966 4074 denique
990 3983 1205 4076 pyriformcs
1231 3961 1328 4052 iutra
1348 3983 1538 4054 sacculum

270 4121 458 4192 quemque
480 4123 624 4192 sporam
647 4102 827 4196 singulam
850 4087 1048 4202 continent.
1074 4101 1125 4174 Ex
1147 4114 1231 4174 ortu
1255 4101 1397 4173 diverso
1421 4105 1537 4174 sorma

268 4218 406 4289 diversa
420 4221 567 4313 insuper
578 4222 725 4314 pendet.

318 4357 532 4430 Chondrieis
545 4362 747 4435 adnumero
763 4362 1069 4456 :clytoctadtam
1087 4369 1190 4438 Grec.
1205 4363 1424 4462 Chompiam²
1444 4373 1537 4438 Lau·

265 4485 438 4573 ranetam,
452 4485 647 4554 Latronem
669 4482 763 4572 nob„
781 4492 1136 4584 Bonnemaisontam,
1157 4488 1414 4568 concutiam
1430 4495 1534 4570 Grev,

267 4615 302 4674 ec
319 4609 539 4686 Mammam
551 4601 635 4686 nob.
