3378 5464
802 391 851 414 ..
875 355 923 428 ⁷8
947 393 998 412 ...

268 513 425 610 rioribus
457 509 687 603 ellipsoideis,
719 505 897 616 fertilibus
927 504 1186 592 conformibus,
1207 504 1381 614 geniculis
1404 507 1533 578 eximie

266 636 470 713 contractis,
487 629 663 702 involucri
682 616 875 699 fila'rnentis
891 624 1127 720 simplicibus.

317 775 380 849 Gr.
398 773 551 870 opuntia
570 774 604 842 J.
623 771 700 865 Ag.
717 764 829 864 spot.
843 793 878 865 p.
901 768 959 840 80.
982 763 1048 838 Gr.
1066 763 1256 884 imbricata
1271 763 1447 853 Solonem·
1467 769 1541 848 Gr.¹

269 891 526 974 Gireudir'Sol.

310 1045 391 1106 Hah:
407 1048 437 1103 in
453 1042 577 1105 sinubus
590 1043 685 1118 magis
700 1039 880 1101 absconditis
901 1051 931 1100 et
950 1040 1116 1118 tranquillis
1132 1041 1207 1098 inter
1221 1039 1308 1118 Algae
1322 1050 1351 1098 et
1367 1013 1542 1100 Corallinas‘

266 1165 386 1229 reponat.
403 1148 439 1207 ad
453 1165 521 1209 saxa
537 1145 627 1204 molae
642 1133 723 1204 eatr'a
737 1155 861 1226 portum
869 1143 1037 1216 Liburniae,
1051 1134 1080 1202 'et
1096 1143 1233 1203 Massilia
1247 1143 1285 1204 ad
1295 1144 1358 1223 Cap
1376 1145 1533 1214 Croisrette

267 1271 337 1346 cunr
352 1251 474 1312 Sollerio
487 1249 564 1327 legi3
576 1268 612 1308 ex
626 1247 774 1308 Adriatico
787 1247 952 1308 Biosoletto.

316 1375 416 1448 Huic
436 1377 567 1470 speciei
594 1374 757 1469 proxime
782 1373 949 1443 convenit
967 1371 1028 1442 Gr.
1053 1371 1240 1463 caspitos'a
1261 1367 1383 1458 Horu,
1405 1396 1425 1441 e
1444 1393 1544 1464 'capa

264 1495 305 1573 B,
320 1494 404 1588 Spei
423 1494 595 1582 emunda,
610 1504 650 1564 et
662 1515 786 1563 vereor
799 1515 846 1562 ne
858 1504 914 1563 tot
928 1504 1035 1563 antea
1051 1491 1139 1562 huic
1159 1490 1292 1584 speciei
1304 1489 1533 1562 datisnomi-

265 1593 375 1687 nibus
389 1612 642 1708 Harrcyanum
657 1633 809 1706 quoque
823 1609 1072 1706 adjungetur.-

314 1731 432 1828 Hujus
452 1733 619 1804 sectionis
642 1731 792 1824 insuper
820 1732 955 1824 species
969 1745 1055 1805 sunt
1079 1730 1193 1830 Grisf.
1221 1729 1453 1808 oordtmaer
1481 1736 1530 1805 G.

270 1849 428 1926 barbuta
445 1852 555 1924 maris
574 1849 742 1923 Atlantici
756 1849 955 1935 incolaerin
979 1855 1048 1926 Gr.
1064 1849 1261 1938 corallion,
1276 1851 1322 1922 ad
1335 1851 1534 1925 ‘oreseinus

266 1971 404 2042 Codani
420 1969 647 2058 obveniente,
664 1970 736 2043 ridi
752 1969 814 2041 fila
832 1972 1066 2045 involucralia
1091 1971 1301 2044 verticillata
1318 1971 1422 2043 initio
1444 1967 1533 2042 sim*-

265 2091 374 2184 plicia
387 2090 551 2183 deniquo
565 2093 680 2186 sporis
696 2090 850 2184 delapsis
862 2092 899 2160 in
915 2089 1100 2162 filamenta
1114 2091 1219 2185 longa
1234 2091 1354 2163 multo
1367 2067 1533 2163 tenuiora

266 2207 494 2281 umbellatim
520 2233 662 2282 ramosa
685 2232 900 2296 excrescere,
927 2209 1026 2281 unde
1050 2235 1240 2282 assumere.
1257 2179 1340 2282 licet
1360 2211 1425 2282 ista
1453 2207 1534 2279 fila-

264 2341 401 2418 menta‚
433 2352 515 2423 quae
543 2328 605 2400 Gr.
630 2328 793 2402 barbatae
814 2328 1061 2403 characterem
1086 2339 1123 2401 ot
1145 2354 1280 2402 nornen
1295 2329 1536 2414 tribuerunt,

264 2447 354 2520 huic
368 2450 590 2554 specieinon
608 2473 683 2522 esse
704 2448 915 2542 peculiaria,
931 2449 995 2522 sed
1018 2451 1056 2520 in
1073 2448 1152 2520 aliis
1174 2449 1363 2544 speciebus
1381 2469 1546 2542 quoquc,

264 2567 436 2642 obvenire
453 2592 566 2664 posse.

410 2791 533 2876 Sncrro
551 2793 597 2862 ll.
611 2829 657 2846 -
672 2791 822 2866 Fronde
843 2791 1004 2866 ramellis
1017 2797 1163 2880 vestita,
1185 2790 1384 2884 ramulosa.

317 2996 394 3092 157·
419 3000 483 3069 Gr.
500 2993 746 3096 equisetffolia.
756 3000 832 3096 Ag.
853 3019 907 3095 sp.
922 2997 1018 3096 Atg„
1029 3022 1065 3095 p.
1091 2996 1168 3071 133.

305 3170 384 3232 Hal).
406 3173 437 3233 in
456 3172 581 3232 sinubus
601 3169 770 3250 tranquillis
794 3172 917 3250 'soleque
936 3172 1079 3254 expositis
1090 3173 1135 3234 ad
1157 3168 1234 3232 Saxa
1252 3171 1283 3230 in
1310 3168 1403 3231 liuritc
1424 3173 1534 3244 moriar

264 3277 339 3334 intra
357 3275 470 3339 molam
484 3285 596 3355 portus
603 3274 758 3346 Liburnici
773 3274 1054 3356 frequentemlegia

312 3420 485 3514 Opinioni
504 3423 573 3495 itta
587 3409 734 3509 Rothii,
756 3445 838 3517 quas
854 3437 1020 3495 ramenta
1036 3425 1158 3496 medio
1173 3423 1413 3495 articulorum
1428 3423 1533 3494 affixa

262 3540 400 3623 statuit,
415 3561 489 3608 non
506 3563 660 3632 possum
673 3566 748 3611 non
773 3541 956 3612 accedere.
979 3527 1327 3635 Constatnimirum
1351 3543 1449 3615 frons
1469 3541 1537 3614 fito

262 3656 413 3729 centrali
427 3657 619 3730 articulato
633 3657 790 3752 singulo,
806 3658 912 3751 cujus
925 3672 968 3730 c'x
986 3661 1227 3733 articulorum
1241 3645 1365 3734 medio
1378 3663 1533 3758 'verticila

263 3775 320 3848 lus
345 3765 595 3848 ramentorum
610 3763 821 3872 egreditur.
847 3776 954 3848 Romi
968 3763 1100 3852 ¹autem
1123 3804 1144 3850 a
1164 3764 1257 3854 tubo
1280 3784 1428 3854 centrali
1456 3807 1534 3882 non·

263 3895 396 3966 ibidem
411 3909 646 3992 separantur,
654 3899 716 3970 scd
726 3899 837 3971 ‘illum
849 3898 969 3993 (quasi
978 3900 1062 3972 'tubi
1071 3901 1287 3995 peripheriei
1295 3893 1532 3973 circumcirca

262 4013 451 4126 dispositi)
468 4029 654 4113 tangentes
675 4040 795 4114 usque
819 4018 863 4089 a'd
888 4021 1097 4115 geniculum
1120 4021 1341 4116 sequuntur,
1366 4022 1491 4118 ibique
1511 4047 1533 4094 a

263 4133 356 4206 tubo
371 4137 518 4206 centrali
538 4125 701 4218 discretae
720 4138 884 4211 offerunt
901 4142 1056 4232 speciem
1077 4121 1236 4212 verticilli
1254 4140 1299 4210 ad
1321 4141 1536 4236 geniculum

263 4258 486 4354 egredientis.

397 4487 470 4534 xcv.
497 4465 713 4581 Wrauocmr
739 4463 817 4567 Ag
830 4491 882 4563 sp.
899 4413 990 4564 Alg'.
1009 4473 1043 4540 J.
1061 4465 1135 4566 Ag.
1156 4463 1267 4564 symb.
1283 4494 1318 4565 p.
1337 4451 1397 4562 37.

314 4667 425 4739 Frons
441 4670 629 4742 articulata
645 4671 937 4766 monosiphonia,
963 4673 1124 4746 articulis
1139 4674 1366 4774 inferioribus
1388 4683 1528 4744 rectan-
