3378 5464
690 401 735 418 ...
759 354 808 431 83
831 401 881 416 .-

146 519 347 594 dammodo
362 517 551 612 indulgere
569 525 716 586 coactus
731 509 798 600 lui,
811 525 847 584 et
860 509 1121 585 subdivisiones
1137 521 1320 603 quantum
1330 475 1423 604 per·¹

146 642 312 712 miserint
339 651 535 712 structurae
557 635 779 706 characteres
800 633 847 701 ad
865 629 1035 702 habitum
1058 641 1248 704 externum
1267 629 1415 702 consor-

146 785 247 834 mare
262 771 414 830 conatus
437 782 532 828 sum.

393 1017 398 1026 ·
534 981 721 1054 Sarranus
743 1005 770 1051 1.
785 979 1043 1054 Gsorocmnse.

199 1190 358 1268 Frondes
373 1188 607 1285 cylindraceae
630 1199 695 1256 aut
706 1207 925 1278 compressas
934 1182 1323 1278 gelatinosodubricaea
1349 1179 1419 1256 filis

150 1311 385 1406 peripheriois
403 1307 712 1380 monililormibus
729 1307 882 1394 invicem
905 1304 1027 1375 liberis
1054 1317 1119 1376 aut
1149 1325 1262 1377 muco
1292 1301 1421 1374 laxiori

151 1430 432 1502 cohaerentibus.
461 1425 670 1500 Favellidia
683 1428 721 1497 in
737 1427 845 1521 plexu
870 1422 1021 1497 filorum
1036 1422 1421 1499 subinvoluerautium

151 1551 230 1638 sita,
244 1561 450 1622 extrorsum
460 1548 646 1620 subando.
658 1544 937 1644 Splvorosporo..

519 1816 636 1870 xxvm.
664 1797 847 1872 Csoorsn
870 1815 953 1894 gen.
980 1813 1061 1868 nov.

206 2050 316 2122 Frons
331 2045 504 2118 tubulosa
527 2043 744 2132 articulata,
770 2044 863 2116 tubo
890 2044 1033 2140 singulo
1056 2041 1208 2117 centrali
1230 2039 1301 2114 fllis
1318 2044 1429 2116 verti-

156 2289 238 2362 cula
251 2299 393 2360 amato.
420 2286 574 2358 Fructus
589 2283 748 2378 duplex?
770 2282 982 2358 Favellidio
998 2297 1095 2384 pone
1110 2284 1253 2384 apicem
1271 2282 1432 2356 ramulo-

155 2428 241 2481 rum
266 2405 505 2492 subsolitaria,
535 2405 612 2476 basi
648 2401 796 2488 filorum
834 2403 1135 2482 verdeillatomm
1165 2403 1270 2478 affixa
1296 2405 1431 2502 hisque

157 2525 396 2615 subobtecta,
418 2527 514 2624 intra
537 2525 782 2620 perisporium
797 2521 988 2619 hyalinum
1006 2524 1332 2599 membranaceum
1348 2547 1433 2598 con·
1519 2589 1521 2594 ,

157 2651 292 2744 geriem
317 2644 578 2746 subglobosam
592 2663 784 2738 sperarum
803 2645 1035 2718 minutarum
1051 2645 1218 2720 foventia.
1243 2643 1434 2747 Sphaeros-

155 2787 260 2865 poroe
262 2818 318 2836 .....
332 2767 481 2860 -Algae
505 2765 656 2836 lubricae
680 2765 834 2838 minutae
850 2763 1037 2839 liliiormes
1063 2769 1325 2859 ramosissimae,
1342 2767 1436 2841 tubo

159 2887 309 2960 centrali
329 2883 474 2982 hyalino
500 2885 678 2955 verticillis
703 2885 927 2956 distantibus
951 2885 998 2956 ad
1023 2887 1189 2982 genicula
1213 2889 1342 2960 cincto.

211 3007 239 3078 A
267 2989 510 3102 Dudresnaja
538 3002 657 3075 differt
678 3001 864 3073 lavellidils
881 3025 977 3097 pone
992 3007 1132 3100 apicem
1152 3006 1438 3080 ramulorum·-

162 3127 250 3198 hiuc
260 3129 333 3196 lere
346 3127 430 3197 utin
445 3127 633 3196 Nnccorio
645 3123 851 3194 inrostrum
860 3123 1436 3212 excurrentium-subsolanus,

164 3258 201 3316 et
225 3243 296 3316 lilia
311 3247 384 3315 lere
408 3243 558 3314 omnino
582 3241 750 3328 obtectis,
768 3239 837 3310 illis
863 3243 948 3336 ipsis
964 3244 1208 3338 rigidiusculis
1231 3245 1438 3316 divaricatis

164 3389 184 3448 a
198 3363 290 3436 tubo
302 3361 384 3460 (nec
396 3385 417 3432 a
431 3361 500 3432 filis
517 3358 843 3455 longitudinalibus
858 3360 994 3431 tubum
1008 3362 1345 3462 circumdantibus)
1359 3365 1438 3436 soli·

164 3479 297 3556 tario‘at
310 3483 501 3555 articulato
516 3477 795 3575 egredientibus.
812 3479 902 3550 Tota
917 3482 1017 3554 frons
1029 3482 1439 3558 noduloso-verticillata

164 3629 185 3675 a
221 3606 411 3676 Noocorica
439 3601 541 3672 sacile
567 3600 770 3694 distinguit,
808 3612 843 3670 et
853 3599 920 3671 nisi
947 3589 1132 3676 obstarent
1141 3604 1286 3678 fructus
1310 3605 1435 3699 potius

168 3720 1261 3796 Callitlmmniirverticillatisvicinamsuaderet-Fratribus
1274 3719 1436 3812 Crouan,

169 3843 345 3940 Algologis
364 3839 616 3927 celeberrimis,
634 3839 843 3911 adversariis
858 3845 1057 3931 acerrimis,
1073 3867 1186 3940 genus
1199 3844 1327 3918 dicavi.

186 4072 263 4146 165.
294 4077 351 4142 Cr.
381 4033 576 4144 mtenuota
598 4064 679 4140 nob.
698 4066 904 4164 Mesogloia
925 4081 1122 4141 attenuata
1141 4069 1217 4170 Ag.
1238 4085 1326 4170 syst.
1349 4097 1385 4168 p.
1407 4069 1441 4140 5.

223 4203 314 4267 Mas.
330 4187 586 4290 monilisormis
600 4185 713 4308 Grp'ff.
731 4191 770 4258 in
782 4186 862 4285 Alg.
878 4197 1067 4276 Danmom
1087 4189 1298 4290 Grfftltsla
1322 4190 1400 4265 nod

220 4315 302 4386 losa
313 4313 380 4410 Ag
390 4336 447 4408 sp.
461 4309 551 4408 Alg.
570 4333 604 4406 p.
619 4306 701 4378 436.
1378 4341 1381 4346 ¹

213 4483 292 4545 llab.
312 4482 377 4541 aliis
393 4481 475 4558 Algis
490 4483 644 4560 parasitica
665 4481 694 4539 in
717 4484 792 4539 mari
813 4485 976 4560 apertiore;
993 4486 1026 4545 in
1039 4485 1189 4548 Adriatico
1203 4489 1240 4550 ad
1254 4475 1448 4568 TergestumJ

172 4593 204 4652 in
220 4578 437 4650 Mediterranei)
453 4581 490 4645 ad
505 4587 635 4645 Livomo
651 4593 678 4642 et
694 4587 729 4646 ad
744 4587 830 4646 (lette
843 4585 911 4664 legi.
