3386 5468
810 411 978 472 ..2-

261 561 501 653 constituunt,
521 554 765 650 cylindraceos
779 565 844 624 aut
856 553 1092 640 claviformes,
1111 555 1291 647 simplices
1304 569 1369 627 aut
1382 560 1529 651 saepissi-

260 707 320 754 me
343 700 514 764 ramosos,
540 675 649 745 ramis
672 673 834 766 denique
854 672 1130 768 diaphragmate
1152 675 1307 769 simplici
1327 674 1526 776 disjunctis.

260 805 303 876 In
318 795 648 888 Uluacezsdenique
661 806 748 864 sunt
760 792 900 864 cellulae
906 787 1312 889 rotundato-angulatae,
1325 797 1362 869 in
1369 809 1527 872 stratum

260 918 444 1014 singulum
459 913 659 986 tubilorme
672 923 736 981 aut
749 910 946 1006 (collapsu)
960 911 1282 984 membraniformc
1297 917 1528 989 coordinatae.

308 1036 559 1108 Membranam
578 1027 791 1102 cellularum
809 1029 912 1100 fibris
928 1030 1150 1102 tenuissimis
1171 1031 1312 1125 duplici
1333 1034 1529 1108 directione

260 1155 452 1252 subsp1rab
461 1138 739 1225 excurrentibus
752 1161 959 1220 contextam
972 1173 1059 1236 esse,
1074 1149 1145 1220 alio
1164 1150 1244 1220 loco
1263 1151 1360 1248 (ride
1376 1152 1528 1225 Dissert.

260 1293 370 1352 nostr.
391 1280 430 1346 in
454 1274 541 1347 Act.
573 1298 653 1345 nov
676 1271 818 1351 Aead
834 1286 913 1350 nat
939 1270 1131 1384 curiosor.)
1156 1283 1355 1344 monstrare
1377 1286 1531 1345 conatus

260 1422 354 1471 sum.
380 1395 464 1466 Haec
491 1406 677 1465 structura
703 1374 888 1487 praecipue
910 1392 1057 1462 evidens
1088 1403 1141 1462 est
1167 1392 1206 1460 iu
1232 1390 1369 1462 cellulis
1392 1393 1531 1487 magnis

262 1513 531 1628 Corrfervoemel
531 1515 670 1612 agona,
682 1518 722 1584 C.
733 1523 975 1598 crassae,etc.,
989 1512 1025 1580 in
1038 1509 1175 1605 quibus
1183 1508 1330 1582 fibraem
1342 1510 1532 1584 fasciculos

260 1635 456 1709 nonnullos
471 1630 685 1729 principales
703 1623 1008 1726 contorquentur,
1030 1642 1066 1700 et
1085 1653 1127 1705 ex
1150 1629 1206 1702 his
1226 1629 1376 1701 denuo
1367 1656 1405 1700 rn
1421 1599 1533 1702 fibras

260 1758 341 1856 plus
363 1758 486 1828 minus
508 1751 698 1849 simplices,
726 1754 839 1864 spatia
858 1754 952 1824 inter
969 1755 1160 1825 fasciculos
1181 1755 1304 1842 relicta
1327 1757 1535 1864 implentes,

261 1891 490 1970 separantur
506 1873 579 1944 Nee
599 1873 722 1943 minus
736 1873 774 1944 in
790 1855 892 1946 omni
882 1873 1083 1952 'Conferre
1104 1869 1246 1971 majori,
1263 1873 1347 1968 post
1369 1855 1533 1972 elapsum

260 1995 511 2094 sporidiornm
523 1971 744 2085 decolorata,
761 1975 955 2078 observatu
969 1995 1081 2067 facilis
1094 2009 1148 2072 est
1162 1995 1386 2070 membranae
1399 2021 1420 2066 e
1433 1994 1535 2068 fibris

261 2122 486 2187 contextura.
503 2113 545 2181 In
559 2111 747 2211 Siphoneis
762 2107 891 2210 aegrius
907 2087 1131 2202 observatur,
1145 2129 1304 2204 attamen
1319 2116 1358 2186 in
1373 2111 1536 2204 Valonice

261 2248 297 2305 et
310 2230 528 2330 Dasyclado
545 2229 753 2304 recentibus
774 2216 974 2340 (exsiccatae
995 2225 1189 2328 Siplzoneoe
1209 2211 1257 2304 ita
1284 2234 1533 2324 collabuntur,
1659 2289 1662 2296 .

261 2365 304 2427 ut
317 2354 420 2448 plieae
435 2355 473 2423 in
487 2351 701 2422 membrana
715 2377 778 2445 per
792 2347 1065 2422 exsiccationem
1079 2364 1167 2422 ortae
1181 2375 1390 2446 numquam
1405 2354 1532 2438 denuo

261 2469 525 2568 extenduntur)
537 2469 687 2584 similem
699 2483 920 2556 structuram
933 2469 1052 2540 videre
1062 2471 1152 2546 milri
1164 2470 1325 2574 contigit.
1340 2457 1533 2562 Nusquam

261 2617 344 2664 vero
358 2593 488 2662 melius
503 2614 616 2686 quam
633 2589 670 2660 in
684 2588 880 2660 filamentis
894 2581 1128 2672 interioribus
1143 2601 1178 2662 et
1191 2588 1535 2660 cavitatemsrondis

260 2706 561 2805 percurrentibus
578 2707 684 2780 Codii
699 2705 822 2780 bursae
833 2706 914 2778 haec
928 2719 1113 2818 structura
1128 2685 1296 2804 apparet;
1316 2709 1354 2778 in
1367 2705 1421 2778 his
1436 2710 1535 2779 enirn

261 2831 365 2918 fibrae
378 2821 470 2900 adeo
484 2829 572 2899 laxae
587 2842 673 2900 sunt
688 2831 729 2899 ut
744 2827 813 2899 sub
832 2826 928 2898 culte
930 2828 1014 2898 llo
1004 2810 1119 2898 immo
1143 2841 1370 2924 separantur,
1375 2815 1541 2930 duplici⁴

261 2949 460 3020 directione
476 2948 597 3045 spirali
610 2961 822 3034 excurrunt,
841 2961 877 3018 et
894 2951 1122 3021 contortione
1136 2959 1267 3018 mutua
1281 2937 1544 3019 membranam

261 3071 434 3155 formant,
452 3069 524 3140 lere
541 3079 582 3139 ut
597 3065 665 3137 tela
681 3066 821 3160 duplici
839 3049 990 3148 filorum
1006 3053 1185 3164 apparatu
1202 3079 1477 3146 contextuntur.

310 3175 407 3260 Sunt
421 3181 726 3274 continuationes,
744 3187 783 3256 ni
799 3187 916 3274 fallor,
938 3187 1072 3261 harum
1097 3185 1320 3262 membranae
1338 3183 1533 3272 fibrarum,

262 3332 347 3403 quac
359 3310 546 3379 internum
563 3307 667 3378 illum
689 3305 839 3390 filorum
859 3322 1075 3402 apparatum
1092 3309 1136 3380 in¹
1154 3303 1345 3402 Caulerpis
1360 3305 1451 3373 adeo
1466 3305 1538 3374 cvi-

261 3429 409 3496 dentem
430 3426 527 3520 (vide
549 3433 669 3498 Mont.
693 3450 758 3495 sur
780 3425 820 3495 la
845 3441 910 3495 str.
932 3423 995 3494 des
1021 3421 1264 3519 Caulerpdcs),
1285 3417 1534 3512 constituunt,

263 3567 424 3639 quaeque
437 3533 637 3638 aliquando
651 3545 689 3612 iu
705 3544 876 3612 interiore
891 3540 1105 3628 cellularum
1123 3548 1165 3628 C,
1177 3541 1378 3640 melcgonii
1393 3544 1537 3640 sparsis·

264 3665 354 3736 sima
367 3665 444 3756 ipse
458 3660 579 3733 videre
592 3657 741 3731 credidi.
758 3659 966 3757 Aliquando
980 3683 1130 3757 qnoque
1149 3676 1248 3732 extra
1263 3663 1401 3750 cellulae
1418 3687 1537 3750 mem-

260 3785 419 3862 branam
432 3781 470 3850 in
485 3778 547 3851 fila
563 3780 774 3852 tenuissima
791 3780 878 3866 solvi
893 3780 1075 3868 videntur,
1103 3783 1164 3853 sed
1189 3767 1380 3870 observatu
1396 3783 1538 3857 difficil-

262 3901 366 4004 lima,
393 3903 431 3968 et'
450 3924 524 3968 non
547 3898 615 3969 nisi
643 3897 712 3977 sub
739 3899 833 3971 lente
855 3902 1010 3970 maxime
1032 3914 1198 3996 augente,
1223 3916 1259 3974 et
1278 3903 1315 3975 in
1340 3904 1447 3973 ramis
1472 3925 1537 3996 per

266 3999 432 4112 elapsum
447 4017 693 4112 sporidiorum
709 4021 861 4094 omnino
874 4019 1037 4116 hyalinis.
1057 4019 1133 4090 Hoc
1147 4023 1259 4106 modo
1273 4025 1310 4092 in
1326 4027 1389 4094 Br.
1405 4019 1538 4094 arbus-

267 4135 367 4218 culae
382 4160 486 4211 ramo
495 4193 507 4228 ,
521 4159 646 4234 sporas
660 4137 865 4224 emittente,
884 4140 956 4209 vidi
980 4141 1234 4212 membranam
1253 4153 1364 4213 strato
1376 4139 1534 4217 ¹filorum

268 4257 549 4344 circumdatam,
565 4259 650 4328 etin
670 4254 862 4355 Corzfrarroe
877 4259 1008 4353 specie,
1023 4259 1068 4330 ad
1088 4259 1128 4329 C.
1142 4263 1343 4332 vesicarum
1354 4262 1535 4353 proxima,

269 4377 439 4448 frondem
451 4377 556 4472 quasi
566 4379 654 4448 serie
663 4376 831 4466 ciliorum
844 4375 1166 4450 subtilissimorum
1175 4381 1333 4468 cinctam
1343 4380 1536 4452 observari.

168 4478 170 4485 Ι
318 4495 530 4573 Vsoxrtrro.
557 4493 714 4567 Omnem
729 4495 896 4571 cellulam
916 4495 1017 4568 fibris
1036 4499 1229 4594 spiralibus
1244 4513 1445 4586 contextam
1462 4522 1537 4568 esse

272 4617 344 4686 dixi
355 4645 364 4698 ς
376 4631 429 4736 esp
443 4612 717 4710 prolongatione
735 4617 907 4686 continua
921 4617 1054 4690 harum
1076 4617 1265 4702 fibrarum,
1281 4620 1379 4713 quod
1396 4615 1534 4688 cellulae
