3378 5464
671 430 721 450 ·-
744 391 818 469 125
842 413 891 450 ’-

181 543 274 620 datis
298 565 422 620 versus
446 544 585 645 apicem
616 543 820 636 numerosis
834 547 849 636 ‚'
859 527 867 635 ’ζ
879 543 1040 620 articulis
1072 545 1200 620 mediis
1227 535 1404 625 diametro

182 665 328 762 septo,
358 659 494 740 infimis
519 663 775 762 supremisque
800 653 1165 760 sesqui-longioribus
1189 663 1421 742 2-3vsnosis.¹

173 841 255 902 Hsb.
272 841 310 900 ad
324 857 394 904 saxa
408 841 543 903 demersa
557 845 649 918 maris
663 843 889 921 tranquillioris,
899 813 1090 922 ,frequentior
1104 841 1228 923 speeies.

185 1028 467 1104 Characteribus
485 1034 599 1126 magis
613 1033 729 1126 quam
743 1031 873 1104 babitu
890 1053 977 1104 cum
997 1031 1295 1104 antecedentibus
1316 1055 1409 1104 etsis-¹

132 1152 241 1234 renit3
257 1148 397 1245 uaespss
411 1151 611 1246 aliquando
633 1151 878 1246 2-3pollicaris
898 1175 918 1220 e
943 1174 1045 1221 roseo
1058 1173 1282 1244 purpureus.
1299 1151 1407 1222 llami

133 1272 398 1342 numerosiores
418 1272 583 1366 armagis
608 1272 800 1366 compositi
817 1291 945 1341 versus
958 1272 1077 1365 apices
1096 1270 1325 1366 longitudine
1343 1272 1411 1344 de-

135 1402 334 1461 crescentes
368 1402 405 1460 et
432 1390 646 1477 secundati,
673 1391 930 1478 erectiuscutt,
962 1390 1075 1462 axillis
1107 1390 1410 1464 secundariorum

137 1510 264 1580 acutis.

187 1701 244 1773 tu
267 1706 310 1774 P.
333 1699 565 1798 pulvinatam
586 1704 752 1797 proxime
769 1705 910 1779 accedit
929 1709 979 1777 H.
993 1701 1107 1777 badda
1118 1704 1194 1804 Ag.
1218 1728 1272 1803 sp.
1285 1729 1322 1803 p.
1343 1706 1412 1802 743

147 1825 270 1897 differt
283 1850 368 1897 vero
388 1823 517 1916 fronde
533 1829 662 1898 exiruis
683 1829 885 1922 caespitosa,
898 1829 1008 1900 ramis
1031 1827 1256 1902 densioribus
1281 1831 1414 1900 strictis

137 1945 529 2034 eximiesecundatis,
564 1960 600 2017 et
625 1949 808 2043 praecipue
841 1947 1001 2020 articulis
1026 1949 1205 2050 bivenosis
1238 1949 1415 2022 diametm

139 2065 206 2156 4⁹5
229 2062 292 2161 plo
313 2055 548 2172 longioribus.
567 2107 618 2122 -
638 2073 690 2138 H.
709 2066 844 2140 tenella
858 2073 967 2157 Kritz,
981 2072 1104 2164 quoad
1133 2072 1329 2166 specimina
1343 2069 1413 2144 sub

139 2187 212 2258 boc
235 2191 385 2260 nomine
405 2213 425 2257 a
447 2187 640 2262 Biasoletto
656 2191 946 2277 communicata,
966 2189 1130 2284 juvenilis
1146 2191 1279 2286 planta,
1295 2189 1417 2262 colore

138 2309 256 2382 letius
271 2331 461 2404 purpureo
487 2307 572 2380 alias
595 2311 655 2381 vix
672 2309 823 2398 diversa,
837 2293 930 2382 mihi
950 2311 1103 2382 videtur.

101 2599 103 2606 y
141 2516 224 2586 232.
238 2519 282 2586 P.
300 2510 431 2584 deusta
450 2517 526 2612 Ag.
541 2536 595 2610 sp.
620 2537 657 2609 p.
686 2515 744 2607 73.
768 2515 914 2608 coespite
937 2513 1414 2601 arachnoideo-lluctuante,

190 2633 470 2728 dispensetis
495 2631 878 2718 subdecumbentibus
905 2631 1151 2708 radicantibus
1174 2631 1418 2706 subdtchoto-

190 2755 432 2844 moramosis,
450 2754 559 2824 ramis
581 2754 753 2848 elongatis
777 2753 1070 2846 simpliciusculis
1087 2754 1191 2850 longe
1205 2754 1415 2838 attenuatis,

191 2873 329 2945 ultimis
351 2871 614 2958 subsecundis,
631 2872 790 2944 articulis
802 2875 1062 2968 primariorum
1080 2874 1226 2948 nodosis
1238 2874 1431 2959 diametro¹

193 2997 299 3092 epto,
314 2999 548 3091 superiorum
558 2995 676 3090 duplo
689 2995 926 3092 longioribus,
937 2995 1136 3066 trivenosis.

167 3159 262 3222 ‘Hab
279 3163 311 3219 in
327 3163 402 3220 mari
416 3160 586 3231 Adriati003
600 3163 631 3220 in
643 3161 725 3220 littus
740 3161 883 3240 rejectam
895 3159 942 3220 tel
955 3163 984 3218 in
1000 3169 1074 3217 aestu
1087 3133 1283 3218 fluctuantem
1299 3157 1336 3216 ad
1347 3159 1421 3216 Ter·

143 3275 262 3343 gestum
277 3283 380 3324 mense
397 3264 508 3343 Aprilis
519 3264 591 3342 legi.
1298 3267 1301 3275 ⁴
1321 3255 1323 3262 ’

184 3417 304 3495 Caespes
318 3409 485 3474 lenissimus
501 3424 530 3472 et
544 3411 698 3472 levissimo
715 3429 799 3490 aquae
812 3421 900 3472 motu
924 3387 1083 3485 fluctuans,
1098 3411 1317 3492 3·lspollicaris
1328 3410 1420 3470 ebusi

145 3505 316 3580 subscutata
332 3519 380 3578 fila
393 3537 551 3578 numerosa
564 3520 711 3577 omittens.
727 3518 789 3578 Fila
801 3517 942 3596 primaria
954 3516 1001 3573 rix
1014 3526 1127 3575 salacea
1138 3516 1293 3591 elongata3
1306 3515 1420 3574 inferne

147 3624 437 3683 nodoso-articulata
458 3633 487 3682 et
511 3623 653 3683 radiculis
674 3642 690 3681 a
711 3621 855 3698 geniculis
875 3620 996 3678 clevatis
1016 3629 1179 3679 numerose
1198 3619 1421 3695 egredientibus

149 3729 306 3798 instructa,
318 3745 445 3805 superne
457 3729 546 3789 ramis
562 3725 733 3786 lateralibus
746 3726 783 3784 asl
795 3725 966 3803 geniculum
978 3726 1037 3784 lere
1052 3725 1193 3801 quodque
1208 3735 1323 3782 sextum
1335 3741 1422 3798 egre·

148 3830 299 3890 dientibus
316 3841 431 3892 ornata.
446 3831 531 3890 llami
545 3839 681 3910 patentes
696 3828 917 3896 subincurvui,
929 3827 1014 3884 valde
1027 3827 1158 3903 elongati
1170 3835 1198 3882 et
1212 3845 1228 3884 a
1241 3824 1422 3883 basi'latiore

149 3933 326 4010 longissime
339 3934 504 4008 attenuati,
517 3931 744 4012 simpliciusculi
759 3943 809 3990 aut
833 3928 955 3988 ramtrlis
971 3931 1066 4006 parcis
1081 3927 1305 3986 subsccnudatis
1319 3927 1418 3998 obsiti.

151 4035 278 4094 Articuli
294 4037 450 4096 inferiores
465 4027 611 4096 diametro
626 4034 736 4114 ls-bplo
750 4011 917 4110 longiorem
936 4034 1082 4108 gesticulis
1092 4033 1230 4102 elevatis3
1253 4036 1422 4113 superiores

151 4137 333 4216 cylindraeei
357 4140 538 4198 diametrum
561 4139 653 4216 duplo
679 4149 860 4218 superantes.
881 4139 975 4196 Color
996 4156 1032 4194 ex
1050 4155 1203 4216 purpureo
1222 4135 1420 4214 ferrugineus.

151 4241 270 4330 Chartae
281 4243 412 4300 adlsaeret
428 4245 477 4302 sed
488 4261 595 4325 parum
610 4242 786 4318 gelatinosa.

200 4389 254 4460 Ad
266 4395 308 4462 P.
319 4389 552 4487 pulvinorum
562 4392 727 4486 proxime
738 4389 908 4462 accedere
916 4387 1073 4478 ridetur,
1085 4389 1205 4458 colore
1218 4387 1421 4459 substantia

153 4524 189 4583 et
200 4511 373 4584 radiculis
383 4514 611 4599 couveniens,
628 4523 665 4580 at
680 4510 950 4581 characteribus
963 4509 1077 4580 allatis
1090 4521 1145 4580 sat
1161 4507 1426 4580 diversa.·Des-·

153 4629 465 4725 criptioWullenii
486 4655 620 4726 parum
645 4631 812 4728 quadrat.
