3394 5466
665 325 862 400 ..m-

130 475 1395 570 Fronderrbasipleramquenudiaaoulreaet·a*medioiuoloulariaiommobtessm

127 583 214 646 llami
226 579 363 658 subtegi,
390 593 470 642 nunc
479 582 624 660 oppositi,
640 597 720 642 nunc
737 580 843 662 alterni
863 591 915 642 aut
930 582 1036 660 sparsi,
1053 592 1153 643 erecto
1156 558 1396 659 -adscendentes,

129 685 224 746 axillis
236 687 347 768 acutiss
348 669 428 758 imis,
446 683 593 766 spbacella
606 684 786 765 plerumque
800 683 920 764 hyalina
938 695 992 766 aut
1006 687 1038 744 in
1062 685 1127 746 aliis
1147 689 1270 774 materia
1292 691 1398 750 obsco

128 759 347 869 riorerepleta,
362 771 578 866 frondiparum
602 787 720 860 latiore,
751 788 912 845 terminati.
940 787 1099 846 liamuli
1090 807 1122 850 m
1144 792 1297 868 superiore
1314 804 1398 870 parte

128 890 252 968 hyalini.
269 891 392 951 Articuli
405 888 631 969 siphrnesducs
647 899 858 961 monstrantes,
874 888 1021 949 diametro
1038 880 1304 994 seiquilongiores
1324 895 1399 954 Pro·

128 989 365 1072 pigula‘eodem
379 991 470 1052 modo
486 1009 520 1052 rc
540 995 616 1050 rami
627 1017 630 1024 ’
641 989 801 1071 disposita,
818 995 897 1051 intra
913 983 1129 1054 membranam
1156 999 1318 1055 materiam*
1330 1015 1399 1074 gra-

129 1097 275 1155 nulosasnf
285 1095 476 1156 articulatam
486 1093 663 1165 ferentinas
677 1079 861 1154 latereuisa':
879 1079 996 1156 olar'a'ta
1011 1093 1285 1176 apice-'rotundato'a
1296 1118 1312 1157 a
1323 1099 1399 1162 facie

130 1199 286 1257 obser-rata
305 1217 312 1256 ι
334 1201 497 1271 ¹tricornis,
521 1197 551 1256 h.
575 1217 601 1256 e.
629 1197 946 1275 basi-louge‘cuaesta
960 1199 1036 1260 inira
1058 1198 1407 1280 ipsumrapiofemgibbo:

130 1305 270 1384 utrinque
288 1301 406 1378 singulo
419 1299 511 1382 (binis
525 1303 567 1360 ita
579 1297 736 1382 oppositis)
756 1285 879 1376 ornata,
897 1304 1007 1362 vertice
1019 1303 1182 1364 rotundato
1204 1306 1397 1378 rubetarum

132 1403 220 1484 (anne
232 1404 362 1482 denique
377 1421 487 1464 aramo
500 1405 632 1464 solutast
644 1403 822 1480 decidentia,
844 1405 941 1486 gibbis
956 1407 1295 1486 oppositisinrsmulos
1309 1408 1396 1481 duos,

130 1511 240 1569 rerfice
256 1517 286 1566 et
299 1508 385 1569 basi
377 1526 409 1566 m
423 1507 496 1566 alios
511 1508 701 1574 abeuntibus,
714 1518 744 1567 et
757 1511 797 1566 ita
811 1508 921 1587 plantae
937 1527 1023 1568 novae
1033 1512 1130 1588 prima
1144 1512 1229 1570 initia
1241 1510 1400 1572 formantia

127 1622 213 1671 —ut
227 1614 466 1692 propagationen
481 1611 555 1690 Sph.
567 1613 755 1671 cirrhosoein
768 1623 825 1673 act.
842 1611 946 1671 Helm.
969 1611 1141 1724 descripsi.)

137 1713 328 1832 Tantam
344 1760 456 1831 habet
472 1783 559 1832 cum
578 1758 664 1857 Spb.
683 1782 874 1832 racemosa
884 1765 989 1834 Grev.
1005 1760 1299 1845 similitudinem,
1316 1772 1358 1832 ut
1370 1764 1400 1832 si

128 1882 173 1952 de
200 1881 296 1974 justa
324 1878 571 1952 observatione
599 1881 798 1951 acutissimi
826 1878 978 1972 algologi
1004 1879 1126 1948 scotici
1149 1877 1319 1988 dubitare
1347 1881 1399 1950 fas

127 1999 212 2086 luit,
234 1999 339 2069 illam
364 2021 460 2068 sane
470 1977 645 2082 crederes,
672 1996 778 2088 cujus
798 2006 921 2068 autem
946 1975 1144 2092 propagulo
1170 2010 1212 2067 ut
1232 2022 1400 2071 racemus

128 2119 364 2210 capsularum
385 2102 477 2186 male
497 2116 632 2186 luerint
650 2115 881 2187 intellectuat
899 2116 1057 2210 depicta.
1083 2115 1155 2188 Nec
1176 2118 1400 2214 impossibile

129 2239 222 2308 foret
248 2237 403 2335 speciem
432 2236 745 2330 Meneghinianam
776 2260 862 2308 cum
894 2237 962 2311 alia
985 2238 1145 2330 quadam
1168 2262 1188 2307 e
1209 2237 1399 2331 speciebus

129 2348 302 2448 rupicolis
318 2354 475 2424 marium
491 2354 695 2425 borealium
717 2355 914 2427 identicam
933 2381 1024 2444 esse3
1039 2357 1096 2428 hae
1108 2369 1233 2429 autem
1255 2381 1399 2450 semper

129 2474 326 2568 hucusque
360 2476 495 2546 steriles
531 2475 726 2548 observatae
756 2475 919 2580 fuerunt.
958 2478 1123 2548 Nostram
1160 2501 1247 2547 cum
1282 2478 1400 2570 specie

130 2575 694 2690 Meneghinianaidenticamessc
696 2572 1397 2691 ‚specimineauthenticoedoctussum.

130 2737 187 2832 74
214 2733 299 2832 Spb.
322 2735 494 2810 cirrbosa
513 2738 589 2834 Ag.
603 2761 658 2834 sp
650 2763 710 2835 ..p
730 2762 785 2834 27.

131 2879 187 2972 75.
213 2876 298 2975 Splt.
311 2882 535 2988 renumeratis.
546 2873 628 2974 Ag
639 2903 692 2976 sp.
703 2903 740 2975 p.
755 2879 812 2952 55.
866 2943 869 2950 ¹

137 3037 141 3044 ·
168 3019 250 3078 Hah.
266 3009 391 3098 utraque
402 3023 434 3080 in
451 3021 514 3080 aliis
531 3020 603 3096 algis
615 3015 895 3100 parasitansrarius.

132 3145 189 3239 76.
219 3141 304 3238 Sph.
327 3143 572 3239 scoparioides
601 3145 635 3230 β.
666 3150 874 3240 composita.
906 3147 983 3241 Ag.
1009 3167 1062 3240 sp.
1090 3153 1127 3240 p.
1153 3147 1220 3229 263
1246 3169 1290 3214 un
1317 3131 1399 3240 Splt.

180 3263 270 3335 ulex
287 3261 470 3335 Bonnam?

172 3407 250 3467 liab.
262 3407 298 3465 ad
309 3410 498 3484 Tergestum,
513 3404 585 3482 legit
597 3403 631 3466 C.
645 3407 779 3486 Apurdk.

132 3574 192 3651 77.
206 3553 478 3651 Spb;·scoporia
491 3581 500 3625 ε
512 3553 644 3642 fronde
655 3554 1043 3647 ecclesarium-stupore
1060 3553 1403 3646 decompositopin-

181 3688 285 3758 nata,
307 3676 429 3768 pinnis
448 3673 683 3770 pinnulisque
707 3673 918 3770 regulariter
938 3673 1223 3758 alternantibus,
1244 3670 1404 3742 articulis

180 3794 443 3888 subcontiguis.

186 3937 277 4008 Var.
298 3933 515 4034 Hyantalis·
532 3933 643 4007 ramis
658 3934 869 4026 bipinnatis‚
884 3932 1005 4026 pinnis
1021 3931 1258 4025 pinnulisque
1279 3941 1406 4024 paten-

133 4053 242 4127 tibus.
261 4052 345 4151 Spb.
363 4051 524 4126 disticha
543 4051 608 4126 ab.
600 4078 661 4150 ..p
687 4053 768 4143 104,
787 4047 862 4124 tub.
879 4052 937 4124 δι.
951 4052 1026 4153 Ag.
1046 4076 1104 4148 sp
1111 4075 1148 4147 p
1170 4049 1236 4122 261
1255 4047 1403 4160 apSpb

131 4172 348 4270 spartabr'des
364 4172 536 4272 Menegb.
556 4173 625 4245 litt.
556 4171 699 4276 lad
713 4154 930 4246 Corinuldil

187 4296 278 4365 Var.
306 4295 516 4368 AEstiralis
514 4297 629 4366 ramis
659 4267 873 4366 fasciculatis
898 4282 1097 4385 bipinnatis
1121 4291 1239 4386 pinnis
1265 4292 1403 4382 pinnu-

131 4413 250 4507 lisque
267 4414 457 4506 adpressis.
477 4413 563 4512 Spb.
580 4417 761 4511 scopario.
781 4415 859 4510 Ag:
876 4434 928 4509 sp.v
942 4437 978 4508 p.
1001 4411 1060 4506 19!
1092 4430 1096 4440 ·
1171 4445 1174 4452 ⁴
1239 4441 1242 4449 ·

174 4555 249 4614 llab.
271 4555 307 4613 ad
321 4573 387 4614 saxa
405 4559 538 4632 sinuum,
553 4557 630 4617 inira
642 4557 769 4616 limitem
786 4538 934 4629 demers‘a,
953 4555 1106 4632 utriusque
1119 4554 1209 4614 maris
1220 4551 1398 4628 frequenter.
