3378 5464
901 77 917 122 ἢ

805 377 1026 460 -1lo-·

283 557 329 627 ad
344 556 432 626 illud
456 549 636 625 transtuli.
665 545 844 639 Agenore
868 537 1091 610 Grevillcano
1126 547 1299 606 caeterum
1324 531 1551 602 excludenda

286 671 473 747 Chondria
479 666 642 768 furcata
661 665 755 761 Ag„
778 671 927 755 quaeest
949 653 1199 742 Gloiccladeu‚
1219 665 1255 722 et
1277 655 1396 742 forsan
1411 649 1478 748 Clu
1493 675 1553 722 ra-

282 809 482 877 mentacea,
500 813 584 883 quae
596 784 724 856 fronde
751 781 865 852 solida
880 777 1023 849 differre
1039 777 1196 848 videtur.
1252 871 1257 882 1

333 913 460 1007 Sporae
474 927 586 1004 quam
606 909 644 977 in
656 902 914 1002 Chrysymenia
923 897 1076 991 majores
1093 907 1180 969 sunt
1200 909 1236 966 et
1251 889 1392 989 singula
1410 896 1552 974 seriecx

285 1035 448 1128 placenta
462 1029 631 1101 radiatim
644 1033 827 1104 exeuntes,
842 1023 881 1090 in
897 1017 1097 1112 perisporio
1116 1017 1262 1110 hyalino
1276 1016 1427 1108 singulae
1446 1016 1557 1086 nidu-

208 1146 211 1154 ’
284 1155 407 1224 lantes.
423 1151 591 1222 Placenta
610 1149 647 1218 in
669 1142 731 1216 ct.
744 1141 843 1216 ovali
859 1153 896 1211 et
920 1136 983 1212 Ch.
1006 1136 1271 1210 nuditerranea
1282 1138 1416 1208 basalisv
1427 1149 1498 1224 est,
1517 1139 1556 1210 iu

286 1271 350 1347 Cir.
375 1271 534 1370 parvula
562 1272 599 1340 in
630 1265 862 1338 columellam
887 1257 1084 1331 centralcm
1116 1260 1309 1357 producta.
1343 1257 1555 1328 Reticulum

284 1393 353 1464 iilis
366 1386 729 1471 anastomasantibus,
741 1379 958 1476 rectangula
974 1380 1048 1450 sere
1067 1378 1325 1465 formantibus,
1342 1390 1555 1448 contextum

284 1499 488 1605 congeriem
502 1529 697 1601 sporarum
711 1504 840 1597 cingit,
854 1513 901 1581 ct,
915 1500 1077 1571 canalem
1092 1499 1131 1568 in
1140 1500 1245 1590 apice
1268 1497 1449 1592 perforato
1462 1492 1558 1566 kera-

285 1631 388 1704 midii
399 1630 660 1701 terminantem
672 1625 803 1695 lorrnat
818 1620 899 1719 (Ct.
914 1615 1206 1714 mediterranea).
1219 1617 1285 1688 Hic
1297 1617 1478 1724 fibrarum
1493 1641 1555 1711 ap-

286 1751 446 1848 paratus,
474 1766 586 1842 quem
618 1767 705 1816 curn
733 1741 968 1814 antecedente
994 1764 1122 1835 genere
1159 1763 1397 1812 communem
1426 1738 1553 1825 habet,

284 1893 397 1967 genus
433 1869 700 1966 Cryptonemeis
739 1863 1032 1976 adproqinquat,
1062 1859 1126 1932 sed
1162 1859 1328 1954 plac‘enta
1344 1859 1488 1930 evidens
1521 1873 1557 1930 et

286 2011 479 2084 sporarum
495 1989 613 2057 forma
628 1984 674 2054 ab
691 1985 837 2056 illorum
856 1980 952 2053 tribu
972 1993 1146 2051 removet.

334 2111 377 2180 ln
395 2119 579 2180 structura
594 2105 786 2176 frondium
804 2125 954 2198 quoque
970 2100 1195 2190 differentia3
1211 2112 1365 2210 stratum
1379 2101 1556 2208 nimirum
1675 2109 1676 2112 ’

210 2209 214 2216 ’
285 2225 539 2323 gelatinosum,
557 2223 661 2319 quod
678 2235 791 2293 totam
808 2221 975 2296 frondem
991 2228 1146 2312 investit,
1169 2239 1223 2298 est
1241 2227 1280 2298 in
1297 2227 1402 2300 variis
1419 2227 1557 2320 specie·

285 2349 357 2420 bus
375 2349 457 2441 plus
476 2347 599 2418 minus
615 2345 876 2439 conspicuum3
899 2347 937 2415 in
959 2343 1200 2443 Chylocladia
1219 2346 1331 2431 evuli,
1358 2345 1419 2419 Cli.
1443 2345 1559 2418 medi-

286 2482 468 2554 terranea,
479 2462 538 2536 Gir.
551 2463 723 2561 parvula,
742 2461 802 2539 ct.
814 2461 1003 2562 lolffonni
1013 2477 1068 2536 sat
1081 2465 1213 2556 latum,
1229 2463 1559 2539 incommutata

286 2585 1045 2683 etei.capensiHarvangustissimum.llae
1055 2583 1193 2656 ultimae
1205 2588 1340 2682 species
1352 2589 1391 2657 in
1408 2611 1450 2658 eo
1461 2609 1558 2680 quo-

289 2728 361 2802 que
384 2706 430 2777 a'b
452 2706 528 2776 aliis
548 2705 738 2792 differunt,
757 2704 859 2797 quod
881 2702 994 2775 tubus
1009 2704 1213 2798 subtriplici
1236 2706 1324 2777 serie
1339 2705 1557 2778 cellularum
1677 2719 1678 2730 ¹

294 2827 551 2913 constituitur,
575 2824 717 2894 cellulis
740 2823 877 2895 intimis
908 2824 1012 2915 quasi
1040 2823 1262 2920 disrupturae
1292 2828 1435 2920 vestigia
1468 2827 1559 2899 offe·

287 2945 464 3018 rentibus.
481 2945 534 3016 ln.
551 2942 618 3016 ct.
633 2943 732 3016 evuli
741 2957 778 3014 et
797 2939 857 3014 Glz.
869 2941 1134 3016 naeditermnea
1149 2969 1231 3038 pars
1241 2945 1389 3018 inferior
1400 2948 1554 3038 frondis,

288 3087 350 3136 seu
369 3064 496 3151 caulis,
509 3065 648 3136 cellulis
667 3064 739 3135 fere
754 3057 926 3157 repletur.
945 3063 1079 3136 Iisdem
1096 3065 1307 3138 differentiis
1330 3068 1369 3139 in
1397 3066 1558 3168 Chrysy·

264 3194 420 3262 ‚meniae
431 3190 578 3262 diversis
588 3189 777 3284 speciebus
788 3184 1081 3272 obvenientibus,
1094 3185 1150 3256 his
1161 3199 1337 3280 generum
1350 3188 1558 3266 distinctio·-
1676 3267 1678 3296 1

280 3333 374 3381 nem
401 3310 506 3380 initio
542 3309 712 3392 fundari3
753 3308 812 3379 sed
839 3301 981 3380 fructus
1022 3308 1133 3379 talem
1162 3309 1436 3402 dispositionem
1479 3334 1555 3382 non

288 3427 508 3500 concedunt.
526 3427 663 3500 Genera
678 3429 804 3522 itaque
816 3430 942 3499 fructu
957 3426 1127 3496 distincta
1137 3438 1175 3496 et
1189 3427 1313 3520 quoad
1326 3429 1556 3502 structuram

287 3552 425 3624 frondis
450 3552 555 3623 series
581 3551 768 3645 parallelas
794 3551 996 3643 specierum
1019 3549 1218 3641 offerentia,
1247 3554 1471 3626 considerari
1500 3556 1559 3627 de·

287 3670 372 3742 bere
381 3671 517 3764 putavi.

385 3959 400 3988 *
427 3955 577 4031 Fronde
610 3959 1045 4051 articulato-constricta,
1081 3960 1249 4035 articqu
1277 3959 1559 4062 dmphragmate

340 4075 513 4151 celluloso
529 4075 721 4153 distinctis.

291 4343 373 4432 204.
386 4339 460 4414 ·Glz.
476 4339 686 4440 phalligera
699 4366 781 4414 nov.
805 4367 860 4442 sp.
877 4343 1029 4445 :fronde
1042 4340 1149 4416 ‘tereti
1171 4367 1377 4440 compressa
1395 4363 1558 4441 superne

336 4461 743 4540 articulato-constricta
753 4464 979 4552 dichotoma,
992 4466 1104 4536 ramis
1110 4464 1281 4559 elongatis
1292 4479 1558 4562 erectopaten·

339 4582 438 4658 tibus
451 4607 493 4656 cr
511 4580 616 4658 axilla
633 4581 794 4658 ramulos
812 4585 975 4662 minutos
993 4584 1153 4682 singulos
1167 4598 1231 4664 ant
1248 4586 1356 4704 binos
1370 4589 1557 4666 crucium
1677 4647 1678 4664 l
