3386 5468
672 415 866 492 ..25-

136 565 321 662 singulum
348 589 542 640 numerosa
567 564 859 664 coalescentiai).
882 607 930 620 —
952 566 1111 639 frondes
1132 567 1251 640 colore
1273 593 1316 640 ex
1335 569 1405 641 oli-

136 711 244 758 raceo
264 685 528 782 fasciamenta,
554 683 752 774 articulate
773 685 839 766 ‚vel
868 685 1132 769 inarticulatae,
1172 687 1406 782 cylindraeeae

136 806 256 902 planae
279 803 478 899 aliquando
504 805 680 900 giganteae
702 817 739 877 et
765 803 829 901 (in
857 804 986 878 ultima
1011 803 1137 902 tribu)
1157 829 1290 900 organa
1315 807 1406 879 foliis

137 926 269 998 similia
292 923 521 1018 proferentes.
546 922 643 1019 Algae
666 925 1060 1021 saepissimemnrinae,
1080 924 1269 997 Oceanum
1284 927 1408 1018 praefe-

137 1056 275 1132 rentes‚
300 1043 377 1114 loca
399 1042 471 1114 sole
484 1044 644 1138 exposita
660 1054 699 1114 at
715 1067 807 1138 saepe
820 1045 1051 1132 demersiora,
1068 1045 1130 1116 sed
1146 1044 1331 1138 profunda
1349 1047 1405 1117 vix

132 1165 404 1259 :inhabitantem
421 1165 459 1235 in
485 1163 639 1236 sinubus
654 1162 863 1258 majoribus
883 1163 1108 1234 vehementia
1125 1163 1312 1235 fluctuum
1332 1168 1405 1235 ιιοιι

139 1285 297 1362 nimium
313 1285 482 1378 appositis
505 1283 567 1372 sed
591 1282 825 1358 ementibus
839 1286 1019 1378 percursis
1033 1287 1214 1379 praecipue
1230 1285 1404 1378 vigentes,

141 1404 214 1479 fere
230 1427 357 1496 omnes
378 1403 571 1498 rupicolae,
586 1406 715 1476 rarius
709 1404 898 1498 parasite,
923 1419 960 1476 et
982 1417 1159 1498 apparatu
1180 1404 1336 1475 radicali
1344 1427 1407 1476 ra·

142 1523 261 1610 lidiori
275 1547 369 1618 saepe
388 1522 512 1594 affixae.
535 1523 644 1594 Plura
664 1544 799 1618 genera
805 1548 893 1596 zona
901 1513 1036 1620 frigida
1050 1537 1086 1596 et
1101 1537 1300 1620 temperata
1314 1523 1408 1653 lirni-

143 1655 280 1731 tantur,
298 1644 393 1716 elia
383 1669 420 1714 ιιι
445 1643 614 1715 calidiore
629 1643 701 1716 fere
717 1655 865 1716 tanturn
879 1643 1090 1716 obveniunt.

189 1761 274 1836 Ons
303 1762 404 1835 Licet
426 1761 594 1836 nondum
617 1765 738 1836 certis
765 1763 1019 1857 experimentis
1052 1764 1250 1858 probatum
1275 1763 1406 1850 fuerit,

142 1883 301 1978 sporidia
327 1883 365 1954 in
394 1883 452 1954 his
477 1881 610 1978 plantis
638 1884 810 1973 existere,
838 1896 962 1956 tamen
988 1885 1110 1978 plures
1141 1882 1408 1974 observationes

142 2004 192 2074 ite
206 2001 426 2095 explicanda
449 2002 541 2073 mihi
562 2002 742 2073 videntur.
766 2009 796 2071 1⁰
811 2002 854 2072 In
868 2007 1073 2100 Ectocarpo
1085 2044 1136 2057 -
1151 2005 1181 2074 si
1198 2001 1274 2075 huc
1289 1984 1411 2072 revera

143 2121 298 2217 pertinet
312 2135 409 2192 -et
429 2124 467 2192 in
483 2118 689 2216 Mesoglor'a
704 2121 861 2214 sporidia
886 2123 964 2193 viva
982 2147 1024 2193 ex
1040 2123 1164 2214 planta
1181 2133 1312 2215 erupta
1328 2121 1410 2213 'ipse
1473 2159 1475 2164 ·

144 2241 232 2327 ridi,
243 2241 302 2312 sed
320 2240 444 2312 locum
457 2241 659 2335 eruptionis
671 2240 838 2338 detegere
849 2264 924 2312 non
938 2243 1056 2334 potui.
1072 2252 1106 2312 a?
1120 2241 1162 2312 ln
1174 2238 1326 2312 Ραιιιηιι
1339 2240 1411 2310 vidi

143 2359 349 2455 spongiolas
367 2359 413 2430 ad
439 2359 600 2458 paginam
621 2359 758 2430 frondis
779 2359 922 2452 affixas,
942 2386 964 2432 e
986 2359 1056 2434 filis
1073 2362 1226 2448 ιιιιιιιιιιι
1248 2369 1418 2452 recepta<

144 2479 227 2551 cula
248 2479 472 2574 cylindracee
496 2479 703 2576 gerentibus
724 2483 955 2568 constitutas,
975 2505 1057 2583 quae
1074 2505 1116 2551 ex
1141 2481 1303 2574 analogia
1324 2501 1413 2570 cum

146 2599 391 2670 Fueacearum
407 2596 477 2668 filis
500 2598 687 2694 sporigeris
708 2591 868 2690 sporidia
892 2591 1076 2662 continere
1100 2590 1275 2681 suspicor.
1287 2585 1353 2654 “3
1366 2581 1413 2654 In

144 2715 417 2790 Heinantlzaliae
427 2715 540 2789 loreoe
551 2718 787 2788 excrescentia
801 2709 1004 2807 parasitica,
1020 2731 1132 2801 quam
1146 2705 1281 2801 injuria
1295 2705 1414 2776 forsan

145 2840 192 2910 ad
216 2836 463 2910 Elaclristeum
486 2837 712 2921 retulerunt,
737 2855 926 2929 quamque
950 2854 970 2900 e
998 2825 1067 2899 filis
1090 2850 1309 2922 magnopere
1325 2821 1415 2895 'e'vo-

145 2959 231 3031 lutis
261 2957 535 3053 scaphidiorum
569 2980 687 3027 revera
724 2953 942 3035 consistere,
974 2950 1049 3041 ips'e
1092 2948 1297 3040 suspicatus
1331 2933 1414 3014 sitm

146 3075 248 3174 (vido
262 3077 368 3150 Dite.
389 3091 501 3148 nostr.
524 3079 563 3146 in
583 3076 670 3148 Aet.
690 3089 768 3146 nat.
788 3067 953 3162 enrico),
979 3080 1016 3138 et
1031 3066 1187 3160 probare
1199 3075 1416 3137 conatusest

147 3197 345 3281 Deoniana,
369 3194 539 3264 viderunt
552 3191 778 3265 CelCrouan
795 3189 953 3285 sporidie
975 3201 1081 3260 motu
1096 3186 1248 3280 praedita
1271 3209 1313 3255 ex
1336 3183 1416 3276 api-

148 3303 253 3390 cibu's
269 3313 418 3386 filorum
433 3312 662 3408 egredientia.
673 3351 722 3364 --
736 3313 964 3384 Praesentiam
978 3305 1367 3401 itaquespcridicrum'
1376 3302 1415 3372 in

149 3434 207 3512 his
218 3434 351 3526 plantis
373 3435 431 3505 vix
453 3433 491 3502 in
509 3430 669 3504 dubium
687 3455 815 3504 vocare
832 3428 978 3514 vellem,
998 3429 1082 3498 licet
1102 3419 1414 3494 observationibus

149 3552 278 3624 multa
290 3551 404 3624 dubia
438 3552 562 3623 adhue
595 3551 762 3624 solvende
794 3559 941 3622 restant.
977 3546 1055 3615 Nec
1083 3565 1225 3638 semper
1257 3538 1417 3634 sporidia

150 3671 269 3744 forsan
285 3671 553 3761 evolvuntur3
516 3697 580 3743 ·rn
605 3673 728 3746 multis
744 3672 894 3778 granula
915 3669 1154 3764 sporidiigena
1176 3665 1271 3735 intra
1292 3662 1418 3754 singu-

151 3792 231 3865 lum
260 3791 459 3864 articulum
494 3792 588 3868 vel'
580 3816 616 3862 ιιι
643 3791 813 3887 pluribus
844 3805 941 3861 arcte
973 3789 1178 3878 stipantur,
1213 3791 1250 3850 et
1274 3777 1418 3848 articuli

151 3911 303 4008 (singuli
329 3911 383 3982 vel
413 3910 592 4008 plures)
581 3923 631 3980 tta
658 3911 926 3994 transformati,
955 3904 1084 3996 integri
1112 3925 1133 3969 a
1157 3898 1281 4008 planta
1308 3896 1419 3968 matri

152 4031 343 4104 solvuntur
353 4042 388 4102 et
410 4029 611 4125 propagula
624 4029 756 4116 piantae
770 4028 939 4098 evadunt.
956 4025 1178 4118 Argumenta
1202 4018 1315 4114 huius
1331 4011 1419 4090 nos-

152 4165 236 4230 trae
232 4155 446 4248 opinionis,
466 4162 509 4223 et
537 4161 663 4225 cetera
686 4149 859 4220 familiam
887 4145 1107 4242 spectantia
1109 4143 1202 4214 infre
1222 4141 1350 4212 tribus·
1362 4139 1419 4209 'di-

154 4295 272 4344 versas
292 4269 440 4346 ridebis.
1353 4271 1357 4295 ¹
