3378 5464
708 427 926 508 -l39..

231 578 374 650 interne
395 579 571 650 continuo
593 580 837 676 rigidiosculo,
856 605 1012 674 superne
1029 585 1213 678 ramisque
1236 559 1448 678 patentibus

167 749 170 756 .
233 697 489 771 flaccidissimis
509 700 708 772 articulatis
724 702 1044 784 deriseramulosis,
1071 706 1221 776 ramulis
1243 683 1446 794 abreviatis,

231 818 438 912 iunioribus
454 821 665 914 patentibus
687 823 950 916 penicilligcris,
969 821 1210 895 adultioribus
1229 827 1454 897 subvertica-
1481 875 1483 882 ·

228 935 692 1026 libussubulatis,articulis
703 965 891 1014 ramorum
901 944 1078 1015 diametro
1088 946 1448 1040 sesquilongioribus,

229 1059 459 1132 ramulorum
472 1062 677 1156 equalibus
690 1065 889 1150 trivenosis,
907 1064 1082 1159 geniculis
1094 1090 1166 1135 non
1180 1066 1337 1138 elevatis.

253 1239 302 1305 H.
314 1229 460 1304 luerim
470 1237 547 1331 Ag.
561 1257 613 1330 sp.
624 1257 661 1332 p.
679 1235 725 1330 94
739 1235 770 1304 ll
786 1241 837 1307 Η.
848 1235 968 1332 pilosa
983 1241 1097 1307 Nece.
1113 1235 1241 1334 Algol.
1255 1236 1353 1307 Adr.

222 1375 300 1434 ilab.
323 1376 360 1434 ad
379 1393 448 1434 saxa
465 1375 603 1436 demersa
626 1381 717 1436 meris
739 1381 954 1456 tranquillioris
979 1381 1131 1440 Adriatici.
1156 1381 1198 1438 tc
1213 1383 1327 1439 exitum
1341 1380 1450 1440 canalis

180 1484 302 1560 majoris
318 1483 515 1544 Veneriorum
531 1486 600 1562 legi.

220 1633 363 1710 cespites
383 1632 439 1690 5-6
458 1615 626 1712 pollicerer¹
643 1633 680 1692 ob
703 1652 803 1691 ramos
819 1617 1004 1709 divergentes
1030 1635 1156 1690 intricati
1184 1635 1344 1710 purpurei,
1372 1643 1450 1690 statu

181 1737 310 1792 omnino
335 1737 446 1794 recenti
467 1735 586 1812 fragiles
601 1746 630 1793 et
645 1736 832 1812 rigidiusculi
847 1736 980 1816 apicibus
997 1738 1175 1794 tenuissimis
1199 1713 1319 1792 lubricis
1334 1747 1361 1792 et
1377 1737 1450 1794 ilac-

179 1837 357 1910 cldissimis,
373 1841 434 1899 cito
450 1840 649 1920 decompositi
663 1851 690 1896 et
716 1849 788 1898 tunc
807 1844 862 1899 toti
880 1817 1062 1920 magnopere
1087 1839 1205 1898 lubrici.
1224 1840 1322 1896 Filnm
1336 1842 1451 1918 prima-

179 1942 263 1999 cium
280 1942 395 2000 inferne
411 1961 504 2019 usque
525 1962 631 2022 pennae
646 1944 804 2022 passerinae
821 1945 963 2016 crassitie,
984 1961 1111 2021 superne
1131 1945 1161 2000 in
1182 1945 1360 2030 tenuitatem
1376 1943 1451 2001 ultra

179 2047 359 2127 capillerem
382 2059 581 2128 attenuatum,
597 2049 799 2126 irregulariter
813 2046 1022 2106 diclrotomum
1037 2048 1085 2104 vel
1099 2067 1172 2122 vage
1187 2063 1340 2106 ramosum
1355 2058 1384 2104 et
1400 2067 1452 2124 per

177 2159 274 2210 totam
295 2151 517 2229 longitudinem
540 2153 663 2215 tantulis
684 2153 827 2212 brevibus
853 2143 1016 2214 obsessum.
1046 2157 1132 2214 Romi
1159 2174 1193 2213 ex
1215 2157 1286 2232 ipsis
1308 2153 1451 2231 geniculis
1516 2199 1518 2204 .

178 2253 368 2332 egredientes
383 2256 555 2314 conformes
571 2255 829 2338 subdivcrgentes,
846 2265 1014 2341 superiores
1031 2271 1175 2342 patentes,
1192 2265 1452 2347 attenuato-peni-

177 2358 313 2436 cilllgeri.
339 2361 458 2420 Remuli
481 2362 592 2418 lineam
620 2362 670 2418 rix
692 2361 786 2436 longi,
817 2365 950 2444 juniores
970 2367 1108 2444 'patentes
1133 2367 1216 2445 apice
1241 2368 1448 2444 penicilligori‚

179 2459 340 2522 adultiores
357 2463 445 2540 rigidi
459 2463 664 2543 spinaeformes
681 2464 892 2526 subverticales
912 2470 1063 2546 simplices
1083 2481 1133 2527 aut
1148 2469 1354 2528 bi-tril'urcati.
1372 2473 1452 2528 Arti-

178 2565 240 2628 culi
253 2569 284 2627 in
301 2569 442 2629 inferiore
462 2581 548 2650 parte
570 2570 697 2628 obsoleti
717 2571 896 2629 reticulatim
917 2572 1067 2645 nebulosi,
1087 2575 1117 2629 in
1138 2575 1227 2629 ramis
1249 2571 1451 2650 superioribus

179 2675 289 2732 sensim
308 2675 412 2762 magis
427 2675 581 2752 conspicui
605 2673 753 2732 diametro
774 2674 1026 2751 sesquilongiores
1049 2687 1076 2732 et
1099 2677 1229 2754 supremi
1254 2677 1382 2753 aequales
1404 2675 1452 2733 vel

181 2757 288 2856 palum
303 2777 455 2854 longiores
471 2773 554 2836 renis
568 2777 664 2837 tribus
679 2780 862 2856 conspicuis,
878 2778 1024 2854 geniculis
1039 2797 1188 2856 nosquam
1203 2779 1336 2850 elevatis.

225 2903 419 2990 Quantum
442 2903 545 2973 video
562 2927 581 2970 a
600 2903 863 2994 speciminibus
883 2904 1036 2996 Anglicis
1051 2906 1199 2990 nominc
1214 2905 1450 2998 Dillwynlano

177 3015 371 3114 inscriptis,
380 3045 462 3118 quc
471 3021 570 3094 Dnae.
583 3019 745 3092 Griffiths
754 3022 880 3108 debeo,
891 3034 1011 3104 nostra
1021 3024 1120 3093 baud
1134 3023 1263 3095 differt.
1274 3025 1345 3129 lice
1354 3025 1451 3097 illam

176 3169 197 3212 a
211 3147 260 3214 H.
273 3132 430 3230 lubrico,
442 3165 524 3236 que
535 3143 762 3212 Naccarianae
773 3147 822 3213 H.
834 3143 962 3240 pilosoe
981 3145 1139 3216 identlca
1155 3156 1218 3228 est,
1232 3145 1450 3237 distinguere

158 3349 162 3356 ⁸
180 3284 326 3360 queam.
340 3262 524 3358 Equidem
538 3263 679 3337 dubius
693 3286 777 3335 sum
797 3288 843 3342 an
859 3262 938 3357 iure,
957 3290 978 3335 a
995 3263 1231 3358 sequentibus
1252 3264 1453 3356 distingua-

80 3457 83 3464 ,
175 3397 250 3455 tu.

179 3553 259 3656 257.
277 3561 323 3633 P.
337 3549 530 3655 spinulesa
554 3559 631 3657 Ag.
648 3537 709 3656 sp,
724 3587 762 3658 p.
786 3563 844 3658 75.
865 3560 928 3632 filo
949 3563 1123 3654 primario
1140 3583 1225 3653 vage
1245 3581 1384 3628 ramoso
1398 3559 1451 3626 in·

222 3682 322 3751 ierne
334 3683 512 3751 continuo
527 3701 685 3773 superne
694 3683 881 3776 ramisque
893 3683 1100 3775 patentibus
1113 3679 1451 3772 rigidiuscnlisarti-

225 3801 354 3873 colatis
369 3801 479 3872 dense
491 3792 696 3890 ramulosis,
710 3803 860 3880 ramulis
869 3801 1161 3894 spinllormibus,
1173 3797 1378 3890 junioribus
1393 3821 1457 3891 pa·

159 3983 162 3991 ,
228 3923 389 3994 tontibus
405 3911 715 4016 simpliciusculis,
740 3921 982 3994 adultioribus
997 3917 1230 3990 verticalibns
1244 3917 1450 4010 spinolosis,
1508 3947 1512 3958 ¹

229 4043 391 4114 articulis
413 4067 602 4115 ramorum
623 4044 801 4115 diametro
827 4042 1016 4136 subdupla
1032 4031 1266 4134 longioribus,
1287 4040 1455 4110 remttlo-

226 4187 312 4240 rum
328 4162 531 4258 equalibus
545 4165 745 4252 trivenosis‚
757 4162 934 4258 geniculis
946 4159 1173 4234 subclevatis.

218 4304 297 4366 Bab.
314 4308 344 4364 in
360 4308 436 4364 mari
451 4307 619 4376 Adriaticm
637 4305 675 4364 ad
688 4309 866 4384 Tergestum
878 4316 908 4364 et
922 4309 959 4366 es
973 4303 1071 4365 insula
1086 4304 1167 4375 Pago
1181 4300 1359 4361 Biasotetto!

224 4429 375 4504 Habitus
398 4455 511 4525 quam
528 4434 566 4502 in
587 4434 823 4504 antecedente
845 4435 963 4506 multo
978 4433 1142 4528 rigidior,
1168 4445 1244 4528 tota
1260 4432 1384 4525 planta
1398 4456 1453 4502 ra-

177 4553 307 4621 mentis
323 4551 598 4644 spinilormibus
614 4566 756 4640 ornata,
783 4579 851 4625 nec
863 4553 1067 4624 differentia
1085 4554 1282 4646 superioris
1299 4564 1335 4622 et
1360 4553 1416 4621 inf
1434 4592 1453 4605 -

176 4673 278 4745 rioris
291 4675 436 4766 plontae,
452 4675 488 4746 in
509 4673 740 4766 precedente
758 4673 848 4748 adeo
861 4676 1073 4770 conspicua,
1091 4677 1129 4746 in
1154 4673 1320 4768 presenti
1336 4673 1446 4746 adest.
