3378 5464
809 423 1002 500 ..oo-

269 567 389 664 planae
405 583 471 652 aut
491 569 961 666 satiatissime-compressae,
979 593 1151 660 carnosas,
1177 573 1533 668 riuum-'purpuram

263 691 461 784 simplices,
477 689 569 776 fissa
584 703 653 770 aut
673 690 906 772 dichotomae.
1182 773 1184 784 ,
1404 757 1409 768 .

316 811 451 894 Plantae
467 811 580 905 hujus
598 815 735 906 generis
752 836 839 884 cum
855 813 1080 914 Halymenia
1093 815 1160 893 diu
1177 815 1393 908 conjuncta,
1411 818 1535 910 potius

270 925 548 1028 Gloiosiplzoaia
563 945 600 1004 et
622 933 833 1006 Naualioni
854 934 977 1006 affines
1002 936 1094 1016 mihi
1109 935 1290 1022 videntur.
1309 937 1337 1007 Α
1358 933 1536 1036 Halyme-

266 1053 334 1137 nia
347 1051 526 1130 differunt
543 1079 552 1125 e
568 1066 680 1134 strato
701 1055 843 1136 interno
867 1055 936 1131 filis
962 1055 1193 1140 densioribus
1217 1035 1442 1150 constitutor¹
1462 1056 1536 1138 ceta

224 1223 228 1232 .
266 1169 352 1243 lulae
373 1197 515 1268 magnae
535 1187 855 1262 anastomosantes‚
878 1200 962 1270 quae
982 1176 1018 1246 in
1044 1174 1272 1275 Halymenia
1295 1187 1451 1270 stratum
1476 1177 1535 1250 iu*

266 1302 415 1380 ternum
433 1294 603 1382 limitent,
623 1296 660 1365 in
679 1301 909 1368 Nemostoma
925 1296 1189 1385 desiderantur,
1213 1296 1266 1367 vel
1279 1298 1414 1366 rectius
1429 1321 1451 1366 a
1465 1293 1536 1366 filis

267 1411 574 1484 moniliiormibus
590 1415 638 1484 ita
656 1439 788 1510 parurn
805 1417 983 1499 diametro
998 1417 1217 1512 discrepant,
1237 1428 1281 1488 ut
1297 1417 1434 1487 horum
1452 1414 1536 1486 arti·

267 1533 340 1603 culi
367 1533 549 1606 inferiores
576 1547 719 1608 tantum
735 1539 1006 1626 existimantur3
1031 1537 1111 1607 loco
1134 1535 1348 1608 cellularum
1372 1536 1537 1630 granuli-

266 1653 457 1740 lormium‚
490 1678 571 1760 quae
603 1657 639 1725 in
670 1655 896 1759 Halymenia
927 1656 1072 1726 cellulas
1106 1668 1411 1740 anastomosantes
1443 1678 1537 1749 sape

266 1783 410 1844 externe
428 1787 568 1868 tegunt,
583 1775 722 1859 cellulae
735 1778 810 1848 istae
827 1775 863 1846 in
878 1778 1108 1878 Nemostoma
1119 1779 1156 1846 in
1171 1772 1233 1846 fila
1247 1776 1538 1853 articulato-ruo-

267 1891 462 1965 nilisormia
475 1909 687 1968 excrescunt
700 1909 735 1967 et
749 1879 876 1966 frondi
886 1919 1075 1974 carnosum
1092 1895 1334 1966 substantiam
1348 1894 1533 1974 tribuunt.

266 2009 379 2084 Ortus
394 2011 553 2108 denique
568 2040 758 2110 sporarum
777 2014 814 2088 i'n
832 2027 989 2108 utroque
1004 2040 1131 2113 genere
1156 2017 1277 2084 forsan
1295 2015 1474 2098 diversus.
1494 2013 1536 2098 ln

268 2137 496 2206 Nemostoma
527 2158 641 2230 sporae
672 2138 760 2206 oriri
783 2135 954 2205 videntur
992 2135 1181 2228 morphosi
1210 2131 1360 2202 filorum
1385 2133 1537 2203 monili-

266 2253 456 2337 sormium,
473 2265 510 2323 et
524 2241 702 2325 lavellidia
718 2255 888 2348 juvenilia
904 2251 974 2326 filis
989 2253 1298 2334 moniliformibus
1314 2254 1538 2348 amplecten-

260 2371 366 2443 tibus
386 2385 421 2443 et
449 2396 569 2444 versus
599 2373 828 2468 superficiem
858 2375 995 2446 frondis
1023 2372 1304 2444 conniventibus
1331 2385 1535 2470 teguntur;

266 2496 380 2589 sporis
395 2498 547 2568 maturis
566 2495 625 2568 fila
648 2497 902 2574 monililormia
923 2499 1097 2569 secedunt
1111 2511 1147 2568 et
1163 2509 1333 2591 apertura
1348 2498 1383 2565 in
1398 2521 1536 2590 super-

268 2613 349 2704 ficie.
369 2619 507 2692 frondis
528 2623 718 2692 formatur.
735 2623 776 2692 ln
798 2621 1160 2720 Halymeniacontra
1182 2643 1305 2714 sporas
1322 2643 1536 2700 numerosas

267 2738 305 2808 in
321 2737 487 2808 interiore
516 2739 653 2811 cellula
673 2765 810 2832 magnae
842 2743 929 2810 oriri
954 2741 1053 2810 facile
1079 2741 1280 2832 putaveris,
1305 2751 1340 2808 et
1360 2737 1538 2820 savellidia

267 2868 411 2926 matura
444 2880 567 2959 sporas
604 2861 696 2928 intra
726 2845 914 2950 sacculum
942 2858 1131 2954 hyalinum
1163 2859 1300 2930 cellula
1339 2857 1538 2942 arctissime

267 2973 391 3045 adhuc
408 2969 614 3048 inclusas'et
637 2977 848 3070 conjunctas
869 2981 1034 3050 emittere
1055 2978 1283 3050 crediderim.
1448 2983 1451 2990 ’

262 3207 266 3216 ’
315 3223 335 3262 *
351 3222 502 3296 Fronde
522 3224 642 3322 plana
654 3227 944 3324 integriascula:
961 3226 1103 3302 lrtctoea
1115 3234 1213 3328 Bory
1228 3231 1324 3300 Dice.
1343 3226 1396 3298 Οἱ.
1415 3239 1484 3297 etc.

169 3481 171 3486 -
273 3455 351 3527 17¹·
373 3440 421 3507 N.
441 3439 560 3506 minor
579 3434 661 3508 aab.
685 3462 695 3506 :
724 3437 853 3508 fronde
872 3440 1015 3510 minuta
1038 3437 1190 3551 oboyata
1216 3439 1255 3514 iu
1277 3438 1438 3530 stipitem
1468 3459 1537 3508 ou-

317 3555 452 3624 neatlm
468 3565 667 3642 attenuata,
687 3580 843 3650 superna
858 3556 1017 3650 denique
1037 3556 1133 3646 lissa,
1153 3558 1313 3652 margine
1331 3557 1531 3633 crenulata.

364 3786 415 3852 Η.
433 3778 552 3852 edatis
564 3803 630 3852 aar
645 3781 679 3870 β.
694 3779 816 3861 media
832 3781 908 3880 Ag.
922 3806 975 3880 sp.
994 3782 1081 3881 Alg.
1105 3808 1143 3879 p.
1164 3785 1245 3856 205.
1269 3783 1361 3856 exal.
1382 3807 1462 3881 syn.

310 3975 387 4034 llab.
406 3978 436 4034 in
453 3979 527 4036 mari
541 3979 758 4040 Mediterranea
772 3981 809 4039 ad
822 3981 967 4058 Malagam
980 3978 1143 4040 Hansetcr!

318 4152 414 4226 Cum
429 4155 545 4228 torma
565 4159 694 4252 majori
710 4160 802 4232 Hal.
815 4159 1021 4258 renffmmis
1032 4159 1125 4231 male
1138 4161 1301 4245 contusa,
1316 4171 1353 4231 et
1369 4161 1413 4230 ad
1422 4181 1537 4255 genus

264 4281 512 4347 Nemastomoe
541 4291 636 4350 certe
657 4281 851 4372 pertinens.
876 4281 905 4350 A
930 4285 981 4352 H.
1014 4277 1117 4351 adali
1149 4280 1398 4373 magnitudine
1433 4280 1537 4352 facile

267 4395 519 4490 distinguitur.
536 4398 629 4469 Hal.
652 4403 865 4495 marginata
887 4399 1040 4472 uocaset
1063 4412 1099 4470 et
1118 4397 1207 4472 Hal.
1234 4397 1361 4490 Duby'i
1383 4397 1537 4485 Chatta,

153 4555 161 4570 ν
270 4535 353 4606 qua
369 4518 491 4609 generi
507 4520 676 4610 praesenti
696 4540 847 4617 quoque
866 4519 1044 4615 pertinere
1059 4520 1241 4610 videntur,
1256 4519 1373 4592 forma
1387 4519 1536 4592 diversa

267 4634 455 4714 dicuntur,
476 4693 480 4702 .
