3378 5464
748 359 967 432 ..[04-

219 508 361 582 vellere
386 510 502 602 plenae
520 531 684 599 enerves,
703 512 861 604 pinnata
884 511 1105 588 dichotomae
1128 525 1195 584 aut
1213 512 1408 584 divaricata
1430 538 1490 588 ra·

219 653 347 716 mosae,
371 654 413 700 ex
436 631 902 718 atrovirescenti-violaceae,
928 633 1070 704 tructus
1095 632 1140 702 ad
1165 631 1327 710 ramulos
1355 631 1490 704 sessiles

220 748 502 846 hemisphericos
514 765 688 846 gerentes.
1008 725 1012 737 ⁵

269 869 409 942 Nomen
430 852 631 947 infaustum
645 874 879 945 retinendum
894 875 1032 946 credidi
1046 879 1061 960 ‚'
1080 872 1164 945 licet
1177 874 1214 943 in
1230 896 1360 968 genere
1379 868 1492 964 huius

221 990 380 1062 nominis
405 993 653 1065 construendo
668 1015 794 1064 omnes
815 992 921 1088 plane
948 991 1134 1090 Algologia
1159 995 1366 1086 scriptores,¹
1382 992 1494 1084 magis

219 1110 341 1182 forsan
355 1130 470 1204 quam
491 1111 529 1181 in
546 1112 623 1185 aliis
641 1113 798 1186 infelices
812 1107 1042 1188 existimandi
1057 1129 1155 1188 sunt.
1173 1115 1304 1185 Forma
1319 1112 1495 1183 exteriore

220 1241 368 1301 tantum
382 1227 499 1322 ducti,
520 1229 660 1326 plantas
672 1233 925 1307 diversissimas
940 1237 1013 1307 huc
1025 1233 1243 1307 retulerunt.
1259 1233 1302 1303 ln
1314 1232 1409 1325 algis
1420 1229 1497 1300 Bri·

221 1349 376 1448 tannicis
394 1350 559 1425 Gravillei
580 1353 738 1424 melioris
754 1357 1035 1426 constructionis
1049 1356 1189 1449 generis
1208 1364 1396 1424 tentamen
1411 1351 1497 1443 qui-

220 1468 306 1568 dem
332 1466 467 1542 facturn
495 1472 587 1561 tuit,
618 1473 788 1546 distincto
815 1499 944 1569 genere
971 1451 1218 1558 Gracilarioe‚
1248 1472 1311 1542 sed
1334 1483 1496 1562 utroque

222 1614 352 1661 manco
365 1591 572 1672 charactere
584 1591 751 1682 condito,
768 1609 805 1667 et
824 1609 984 1691 utroque
998 1595 1191 1690 speciebus
1206 1593 1305 1666 haud
1329 1591 1497 1686 legitimis

222 1710 380 1782 nimium
396 1725 528 1786 onusto
534 1767 544 1800 ‚
560 1727 763 1810 utrumque
782 1715 856 1806 jam
872 1716 918 1786 ab
933 1717 1038 1786 initio
1059 1713 1273 1799 vaccillavit,
1288 1725 1324 1783 et
1338 1712 1498 1805 denique

190 1865 193 1876 ·
223 1833 470 1904 consentiente
492 1849 637 1905 auctore
651 1836 689 1906 in
714 1848 816 1906 vetus
830 1836 1158 1906 diversissimorum
1171 1818 1499 1928 specierum'amal·

222 1971 328 2044 gama
341 1951 475 2044 species
491 1955 685 2048 utriusque
699 1955 907 2049 conjunctae
918 1956 1070 2026 luerunt
1092 1955 1154 2049 (in
1170 1953 1273 2023 Flora
1287 1951 1499 2025 Britannica

224 2068 413 2169 Hoolreri).
430 2075 642 2146 Secundum
666 2077 902 2162 characteres,
922 2099 1015 2169 quos
1038 2075 1098 2145 hic
1120 2086 1280 2166 utroque
1295 2072 1416 2166 generi
1432 2070 1499 2146 trl-

222 2191 393 2278 buiruus,
406 2187 510 2290 longe
528 2221 613 2268 sane
629 2197 776 2269 distant.
794 2197 951 2266 Frondes
968 2193 1194 2270 Gracilariae
1206 2191 1345 2263 cellulis
1357 2189 1500 2284 magnis

225 2313 430 2394 rotundatis
453 2314 645 2408 granulosa
669 2319 819 2388 materia
840 2315 941 2386 facile
959 2314 1129 2386 effluente
1143 2313 1289 2408 repletis
1305 2289 1498 2392 constant;

226 2435 359 2526 specics
393 2439 606 2534 Gigartinae
641 2463 660 2508 e
697 2437 836 2509 cellulis
871 2438 1048 2532 angulatis
1080 2436 1118 2504 in
1148 2432 1209 2503 fila
1245 2429 1502 2505 monilisormia

224 2552 404 2627 laxissime
433 2561 737 2633 anastomosantia
770 2559 988 2634 coordinatis
1014 2567 1188 2627 contextae
1215 2563 1311 2622 sunt.
1343 2551 1499 2620 Fructus

141 2715 148 2730 ·
229 2672 453 2747 Gracilarioe
477 2691 564 2748 sunt
574 2675 762 2765 coccinis,
777 2681 990 2775 Gigartinae
1005 2674 1194 2746 Favellidia
1212 2671 1388 2768 (attamen
1403 2673 1500 2740 intra

226 2799 472 2896 pericarpium
489 2798 657 2896 inclusa).
676 2801 952 2894 Sphaerosporas
976 2782 1189 2896 Gigartinoe
1210 2797 1286 2888 ipse
1307 2818 1380 2866 non
1406 2793 1501 2877 vidi,

226 2917 325 3030 unde
350 2919 505 2990 modurn
530 2920 721 3013 divisionis
736 2920 1074 3017 ignoro-4Species
1094 2929 1286 3010 sequentes
1312 2927 1354 2985 ut
1377 2912 1502 3006 Gigar-

225 3037 310 3108 tinae
329 3050 437 3135 typos
458 3039 678 3112 afferamus:
709 3050 754 3117 G.
770 3040 959 3138 pistillum
970 3053 1006 3110 ct
1023 3044 1072 3110 G.
1088 3036 1289 3108 anicularis
1308 3039 1503 3118 Lamonr.‚·

141 3199 145 3208 ·
228 3157 272 3229 G.
290 3157 506 3263 Chamissoir'
520 3175 557 3231 et
573 3158 618 3232 G.
642 3159 756 3232 livida
770 3159 1009 3257 (Gracilarioe
1021 3182 1073 3254 sp.
1090 3154 1211 3252 Grec.)
1230 3159 1276 3228 G.
1297 3151 1506 3250 crassisolra

224 3297 260 3354 et
271 3289 316 3356 G.
332 3289 542 3357 Burmanni
551 3284 712 3384 (Gelidir'
725 3312 778 3384 sp.
797 3279 983 3376 armillae
998 3283 1044 3354 G.
1061 3275 1186 3350 Teedii
1202 3290 1237 3346 et
1250 3278 1295 3347 G·
1311 3269 1509 3344 Chanvinii

223 3402 503 3499 (Rhodomeniae
513 3435 565 3508 sp.
586 3391 771 3506 Greville);
787 3408 833 3480 G.
852 3403 1058 3478 mamillam
1070 3395 1249 3496 (Cleandri
1257 3419 1310 3492 sp.
1326 3394 1505 3490 Gravilla)

273 3525 445 3620 Agenere
465 3533 591 3624 itaque
605 3529 828 3604 Grevilleano
857 3526 1065 3623 Gigartinoe
1087 3525 1132 3594 G.
1153 3516 1358 3590 cartalatam
1384 3513 1508 3610 (Geli-

222 3648 280 3722 dii
296 3675 348 3748 sp.
372 3649 468 3748 nob.)
485 3651 529 3722 G.
540 3650 718 3747 plicatam
740 3662 777 3719 et
796 3652 841 3721 G.
861 3641 1056 3742 Grfffitrioe
1074 3636 1257 3736 (Clondri
1279 3658 1331 3731 sp.
1347 3630 1445 3730 nob.)
1461 3637 1505 3706 G.

221 3774 354 3854 duram
377 3791 415 3850 et'
435 3783 479 3852 G.
502 3777 720 3846 concinnam
737 3766 979 3866 (Gracilarioe
999 3787 1053 3860 sp.
1082 3758 1180 3854 nob.)
1198 3773 1235 3830 et
1256 3755 1301 3826 G.
1320 3755 1508 3852 divergcns

222 3901 281 4000 (H
272 3919 408 3998 ypneoe
419 3921 472 3994 sp.
490 3893 589 3990 aab.)
605 3890 778 3974 exclud0;
799 3897 844 3964 G.
862 3883 1032 3984 isffcrmis
1046 3896 1081 3954 et
1095 3881 1155 3952 aff.
1183 3885 1228 3952 G.
1247 3875 1434 3961 subulcam
1450 3872 1496 3943 G.

222 4035 394 4118 congesta
406 4032 443 4087 et
457 4013 665 4112 G.spinella
677 4013 785 4083 etiam
796 4007 1030 4081 excludenda
1042 4002 1225 4087 videntur,
1234 3999 1296 4068 sed
1306 3994 1507 4090 specimini-

221 4143 292 4215 bus
313 4139 507 4211 fructiferis
526 4135 636 4207 nullis
657 4133 751 4218 vicie,
776 4131 902 4201 locum
928 4129 966 4196 in
990 4115 1181 4219 systemate
1207 4117 1318 4190 hodie
1345 4115 1506 4185 indicare

222 4289 295 4335 non
311 4261 507 4356 potuerim.

226 4437 303 4533 196.
332 4443 376 4508 G.
400 4426 782 4522 Teedttaamoarmg.
797 4449 849 4518 sp.
869 4421 958 4518 Arg.
968 4444 1004 4516 p.
1028 4441 1107 4512 257.
1149 4399 1152 4406 ¹

263 4614 341 4678 flas.
366 4613 403 4671 ad
422 4609 491 4672 saia
515 4610 636 4667 sinuum
659 4601 900 4682 tranquilliorum
914 4587 1022 4678 parum
1036 4594 1113 4661 infra
1132 4581 1327 4670 superficiem
1338 4589 1429 4648 maris
1440 4602 1449 4655 ;
1466 4573 1497 4642 in
