3386 5468
796 397 916 472 ...M
942 435 989 458 .-

559 641 617 712 1v.
649 592 868 713 unisona
884 595 960 739 Ag.
978 591 1074 712 eser.
1093 663 1216 737 gener.

657 882 732 931 vm.
753 859 899 960 Bsncrs.
916 853 1056 957 Lyngb.
1071 855 1136 955 rrff.

307 1083 418 1153 Frons
442 1077 620 1174 capillaria
652 1078 802 1173 simplex
830 1089 897 1166 aut
918 1101 1083 1170 ramosa,
1112 1077 1218 1173 plana
1248 1088 1315 1165 ant
1337 1078 1526 1168 tubulosa,

258 1201 381 1273 viridis
403 1212 469 1273 aut
484 1201 680 1293 saepissime
696 1197 867 1279 colorata,
891 1197 1101 1292 regulariter
1114 1196 1283 1281 areolam,
1297 1194 1423 1267 areolis
1438 1199 1527 1269 serie

258 1320 398 1413 singula
413 1331 477 1389 aut
492 1317 687 1410 multiplici
701 1316 883 1409 dispositis
899 1318 1129 1408 quaternarie
1140 1315 1273 1386 divisis.

298 1427 430 1510 'Genus
458 1420 533 1509 buc
558 1460 676 1531 usque
703 1437 1091 1528 parumrintellectum*
1108 1448 1145 1505 et
1168 1443 1299 1506 moneo
1321 1433 1528 1504 charactere

260 1558 400 1651 ubique
419 1556 754 1649 circumscriptum.
782 1553 962 1626 Frondem
990 1556 1027 1631 iu
1049 1554 1217 1650 plurimis
1244 1549 1433 1648 speciebus
1454 1575 1530 1625 esse

259 1678 405 1769 planam
424 1685 586 1758 constat;
609 1677 647 1745 in
668 1672 768 1745 Ulca
786 1672 954 1760 aureola,
969 1695 1084 1766 quam
1105 1673 1194 1742 huic
1214 1672 1334 1766 generi
1349 1672 1551 1741 adnume-'

258 1796 411 1868 rendam
429 1817 502 1866 esse
529 1793 756 1870 crediderim,
767 1793 867 1866 frons
876 1793 978 1864 adest
991 1789 1297 1863 tuhulosa.‘Frons
1310 1789 1530 1883 plerumque

260 1913 413 2006 simplex
431 1926 500 1997 est,
516 1925 594 2000 aut,
610 1914 641 2002 si
658 1915 750 2000 rami
759 1913 898 2003 ¹adsint,
914 1908 1179 2006 prolificatione
1194 1910 1445 2006 ort13Bnga‘a
1458 1908 1533 1983 ele-

258 2054 356 2129 gans
375 2028 510 2110 maur.
528 2030 658 2108 froude
672 2033 809 2125 gaudet
823 2032 1046 2104 dichotoma.
1070 2029 1350 2123 Dispositionem
1365 2030 1531 2124 denique

260 2152 462 2244 regularem
482 2150 711 2238 cellularum,
729 2141 934 2245 earumque
948 2153 983 2220 in
1004 2164 1165 2245 quatuor
1181 2149 1407 2236 diuisionem,
1430 2162 1467 2220 et
1489 2170 1531 2220 ex

261 2272 330 2341 hac
345 2271 566 2365 pendentem
581 2270 805 2341 tendentiam
822 2272 949 2370 sepiem
964 2269 1168 2358 areolarum
1183 2267 1302 2361 (initio
1313 2269 1531 2366 simplicem)

260 2389 559 2486 longitudinalem
582 2386 869 2483 multiplicandi,
886 2390 1133 2462 characterem
1148 2396 1380 2488 praecipuum
1393 2389 1531 2485 generis

253 2511 517 2584 'existimarem

263 2684 321 2770 54.
346 2681 699 2780 B.fuscopurpureo
721 2679 783 2755 Lb.
803 2680 926 2779 Hydr.
945 2707 982 2778 p.
1000 2683 1058 2768 85,
1077 2680 1151 2772 tob.
1177 2683 1233 2770 24.
1278 2681 1280 2684 ’

302 2855 376 2914 llab.
392 2856 429 2914 ad
442 2873 510 2915 saxa
524 2854 681 2949 trabesque
706 2855 821 2932 ligneos
847 2872 926 2934 saepe
940 2872 1086 2927 emersos,
1103 2854 1314 2932 undarumque
1339 2871 1445 2934 spuma
1460 2855 1530 2914 irri-

264 2970 365 3033 gatos;
379 2959 415 3016 ad
427 2959 514 3018 Certe
529 2959 714 3036 frequentem
728 2969 756 3016 et
769 2957 805 3016 ad
818 2960 951 3018 Nicaeam
962 2957 1032 3035 legi.

263 3115 321 3186 35.
348 3121 391 3185 B.
416 3113 517 3186 luteo
542 3139 621 3186 nov.
644 3137 698 3209 sp.
724 3110 916 3184 frondibus
949 3111 1125 3184 subrectis
1153 3112 1286 3182 luteo·
1301 3111 1531 3208 nitentibus,

311 3234 516 3307 areolarum
539 3235 628 3304 serie
654 3231 903 3323 subsimplici,
929 3232 1056 3304 areolis
1077 3229 1384 3326 longitudinaliter
1407 3228 1532 3302 subbi-

311 3356 414 3444 natis,
429 3354 524 3426 binis
537 3354 760 3435 diametrum
780 3349 833 3426 fili
849 3353 906 3423 vix
923 3352 1169 3445 aequantibus.

304 3525 383 3585 Hab.
393 3527 430 3584 ad
441 3497 794 3603 rupesvohementissimo
808 3523 901 3583 fluctu
909 3525 1046 3601 irrigatas
1057 3523 1343 3603 solequeexpositas';
1357 3525 1391 3584 ad
1405 3525 1534 3585 frivorno

262 3641 290 3686 et
305 3631 441 3689 Genuam
456 3628 523 3714 legi.

304 3764 437 3824 Stratum
448 3762 645 3828 luteo-niteas
665 3757 912 3832 sirmondianam,
926 3779 1016 3839 rupes
1026 3759 1209 3836 suhcmcrsas
1221 3760 1308 3840 longa
1323 3763 1438 3840 lateque
1448 3765 1534 3839 tegit.

157 3901 161 3905 -
264 3866 396 3928 frondes
411 3875 514 3928 tonnas
530 3864 697 3936 difformes.
724 3865 857 3934 amintes
876 3875 904 3927 et
920 3861 1127 3939 ultramrano,
1140 3876 1404 3943 eunomiumne,
1417 3867 1534 3942 singula

264 3969 441 4048 plerumque
455 3968 632 4029 cellularum
657 3969 731 4030 serie
748 3979 928 4042 mottaatcs,
944 3968 1061 4034 cellulis
1090 3989 1142 4047 per
1162 3970 1248 4035 binas
1277 3966 1534 4048 longitudiaaliter

264 4072 490 4152 approximatis,
506 4071 692 4151 simplicibus
711 4073 757 4132 rel
781 4082 947 4138 transverse
960 4069 1063 4135 divisis
1086 4083 1116 4130 et
1130 4083 1202 4142 tuno
1218 4073 1396 4134 divisionem
1414 4084 1535 4150 quater-

265 4179 381 4236 nariam
396 4176 514 4254 geueris
534 4173 736 4238 offerentibus.

263 4311 267 4324 ⁶
314 4326 344 4402 d
358 4337 401 4411 B.
416 4325 713 4428 fuscopurpureo
734 4340 770 4399 et
785 4341 957 4401 recenset
974 4333 1147 4402 exsiccata
1163 4331 1285 4425 planta
1298 4331 1400 4401 facile
1416 4331 1534 4402 colore

267 4451 511 4546 dignoscitur3
525 4463 719 4522 structurae
740 4447 951 4520 differentiis
975 4471 1067 4543 aegrc
1086 4451 1203 4523 verbis
1219 4451 1470 4546 exprimendis.
1490 4456 1532 4520 B.

268 4571 388 4664 crispa
404 4568 466 4642 Lb.
482 4568 600 4640 incola
615 4569 774 4642 marium
791 4566 1011 4657 borealium,
1028 4570 1114 4642 alias
1133 4569 1220 4643 locis
1236 4572 1419 4654 similibus
1426 4569 1533 4642 obve-
