3378 5464
635 376 852 464 ...m-.-

119 530 264 610 elongatis
275 525 444 590 lateralibus
457 525 573 604 virgati.
593 524 716 585 Articuli
742 521 897 592 lnieriores
914 520 1142 600 superioresque
1158 517 1235 579 rtml
1251 515 1383 594 cujusvis

120 634 273 712 insigniter
288 629 465 707 inaequalem
488 630 518 686 in
540 626 590 686 filo
609 627 751 705 primario
764 633 832 683 sunt
853 622 935 702 ipio,
956 621 1049 682 medii
1069 619 1141 701 bplo
1161 620 1329 698 longiores;
1350 621 1383 684 in

59 805 61 812 Ι
120 740 208 796 ramis
231 745 299 794 sunt
322 735 417 794 infimi
443 733 540 809 sesqui
553 738 757 807 -sequentes
779 730 890 786 sensim
907 727 1069 804 longiores,
1082 722 1174 784 medii
1196 740 1292 801 usque
1312 723 1382 801 dplo

119 841 264 900 diametro
280 839 447 915 longiores;
459 837 488 892 in
504 832 627 893 ramulis
642 842 710 891 snut
725 831 820 891 infimi
835 831 974 910 aequales,
988 826 1081 888 medii
1103 827 1248 888 diametro
1264 830 1383 906 sesqui·

116 943 282 1019 longiores;
298 958 401 999 omnes
417 939 469 996 2-3
485 939 599 1024 venosi.

166 1151 225 1180 m*
253 1151 312 1208 Filo
335 1148 471 1225 primario
494 1153 584 1204 erecte
606 1145 691 1220 firmo
716 1144 824 1220 inferne
840 1145 1025 1204 subcontinuo
1041 1163 1092 1222 per
1114 1152 1203 1202 totam
1226 1145 1381 1224 longitudi-

118 1277 180 1321 nem
199 1257 284 1314 ramis
314 1251 477 1310 lateralibus
495 1250 558 1325 plus
584 1250 676 1330 minus
700 1249 889 1323 decerpseritis
915 1249 1100 1308 erectiuseulis
1124 1249 1239 1322 obsesso,
1263 1252 1384 1310 rutulis

115 1361 204 1420 dentis
216 1357 378 1434 penicillotis
393 1354 566 1427 articulatis,
584 1353 715 1413 articulis
724 1353 944 1429 pauci-amosis.

119 1535 199 1628 242.
230 1537 270 1606 Ρ.
293 1537 502 1633 sanguinea
526 1540 603 1630 Ag.
621 1556 675 1628 sp.
696 1557 733 1630 p.
752 1532 826 1604 87:
851 1530 914 1607 iilo
935 1533 1108 1626 primario
1132 1546 1253 1606 erecto
1272 1531 1382 1611 firmo

162 1659 234 1729 lere
243 1683 263 1730 a
271 1658 349 1729 basi
361 1655 567 1741 articulato,
579 1654 688 1726 ramis
695 1633 903 1726 lateralibus
911 1653 1120 1748 patentibus
1132 1656 1379 1751 pyramidem,

163 1778 311 1852 ramulis
324 1779 450 1848 erectis
463 1776 601 1846 inferne
612 1773 1107 1870 subdichotomo·sastigiatis,
1124 1789 1281 1870 superne
1291 1774 1384 1847 late·

166 1899 288 1970 ralitcr
303 1897 510 1986 ramulosis,
525 1895 626 1990 apice
640 1895 800 1966 ramulos
813 1895 993 1966 breviores
1008 1898 1315 1988 supereminente,
1328 1921 1387 1972 ar-

165 2019 281 2091 ticulis
296 2018 425 2088 inediis
446 2015 625 2086 diametro
640 2013 785 2110 d-bplu,
807 2012 944 2088 infimis
964 2027 1001 2088 et
1021 2016 1254 2092 ramulorum
1266 2017 1384 2114 duplo

163 2137 387 2234 longioribus
406 2134 589 2208 arenosis.

154 2315 232 2406 ilai).
247 2317 277 2372 in
290 2315 365 2373 mari
380 2297 541 2386 Adriatico,
557 2311 594 2370 ad
607 2310 761 2370 Venetiam
772 2320 802 2369 et
814 2310 991 2390 Tergestum
1003 2311 1174 2373 Biasoletto.

154 2472 278 2550 cuspes
289 2488 327 2529 ex
339 2487 425 2528 roseo
444 2471 624 2548 sanguineus
642 2469 695 2536 ab
708 2468 861 2550 polliceris
875 2461 1003 2541 minimd
1025 2487 1109 2548 aquae
1125 2479 1211 2532 motu
1230 2457 1386 2556 fluctuatus.
1411 2515 1415 2530 .

119 2573 181 2634 lila
193 2573 334 2653 primaria
348 2572 409 2631 basi
422 2581 537 2630 setaoea
547 2583 577 2629 et
588 2574 732 2632 crassiora
749 2590 821 2632 mox
833 2574 864 2631 in
875 2573 1009 2648 ramulos
1018 2576 1211 2634 tenuissimos
1223 2566 1385 2648 attenuata,

116 2681 293 2766 plerumque
313 2679 382 2737 inde
407 2699 421 2736 a
444 2678 506 2736 basi
529 2679 681 2738 articulata
700 2688 730 2736 at
750 2678 926 2758 siphonibus
950 2681 1058 2758 aegrius
1083 2678 1312 2756 distinguendis,
1335 2698 1388 2759 per

117 2795 211 2842 totam
231 2783 450 2859 longitudinem
461 2785 560 2842 ‚ramis
575 2783 702 2844 obsessa.
721 2785 809 2842 Remi
831 2783 961 2842 artienlis
973 2779 1027 2844 56
1041 2783 1216 2862 pluribusve
1231 2785 1390 2860 distantes,
1410 2777 1412 2784 ’

116 2888 271 2946 inferiores
282 2886 424 2963 elongati,
441 2897 545 2944 versus
559 2889 675 2964 apicem
687 2889 799 2954 sensim
812 2886 1000 2963 longitndine
1011 2887 1214 2946 decrescentes
1226 2889 1388 2964 minusque
1474 2889 1480 2908 ¹

116 2992 329 3070 decompositi.
346 2989 464 3050 llamuli
478 2992 659 3061 eonlbrrnes,
674 2989 832 3050 lateraliter
852 2990 975 3066 quidem
993 2993 1106 3050 ramosi
1124 2989 1177 3050 sed
1194 2991 1389 3052 inferioribus

116 3093 315 3154 divisionibus
342 3093 402 3152 iere
424 3079 588 3172 aequalibus
610 3093 724 3178 iplerne
745 3092 979 3167 subdichotomi,
998 3093 1134 3154 camellis
1154 3097 1303 3173 supremis
1322 3097 1391 3156 eri-

117 3201 222 3258 denter
237 3197 407 3256 lateralibus
427 3216 528 3256 versus
544 3200 659 3277 apicem
680 3200 752 3290 ipsis
773 3200 1047 3280 supereminentem
1068 3199 1255 3278 longitudine
1268 3199 1390 3260 decres-

118 3301 269 3364 centibus.
296 3301 384 3360 Axilli
407 3303 576 3380 superiores
599 3303 772 3376 acutissimi,
797 3301 951 3360 interiores
974 3301 1176 3382 subpetentes.
1197 3299 1326 3364 Articuli
1348 3301 1391 3362 lili

118 3408 257 3488 primarii
280 3404 376 3464 infimi
400 3404 547 3464 diametro
569 3404 770 3482 subsequeles,
785 3407 896 3464 sensim
916 3407 1066 3483 longiores
1089 3397 1232 3480 eradunt,
1250 3409 1292 3468 ita
1313 3417 1346 3466 ut
1359 3409 1391 3466 in

120 3511 223 3572 media
235 3518 321 3591 parte
334 3505 514 3568 diametrum
528 3508 601 3588 lrplo
620 3509 668 3566 rel
682 3525 775 3586 nsque
795 3505 867 3590 dplo
882 3519 1034 3588 superant,
1047 3511 1079 3569 in
1093 3510 1306 3592 remisi-dplo
1322 3511 1393 3571 lon-

118 3617 220 3695 giores
234 3623 264 3674 et
276 3617 307 3674 in
319 3611 443 3675 ramulis
458 3612 571 3672 ultimis
583 3611 729 3672 tumetra
745 3611 875 3703 equales
888 3623 968 3688 sunt,
985 3631 1101 3692 omnes,
1116 3614 1172 3676 ubi
1187 3613 1391 3693 distinguendi

117 3720 271 3801 siphoues,
286 3719 338 3778 bd
349 3719 466 3779 reunsi.

166 3899 304 3974 Habitu
322 3897 370 3970 ad
382 3905 420 3970 P.
439 3894 616 3970 roseolam
629 3905 695 3996 Ag.
715 3865 835 3971 forsan
850 3898 1016 3990 proxime
1030 3895 1183 3986 accedit,
1198 3837 1237 3968 at
1252 3894 1391 3970 ramili-

118 4023 261 4096 catione
274 4017 501 4115 pyramidata
511 4030 548 4089 et
562 4018 663 4111 apice
676 4016 843 4112 elongato
859 4017 1075 4112 negatoque
1087 4016 1321 4094 ramulorum
1334 4017 1391 4088 fa-

119 4140 381 4212 ciledistincta.
1249 4134 1253 4142 ’

123 4335 208 4425 243.
222 4343 260 4405 P.
274 4333 543 4434 Perrepnondii
554 4357 635 4404 nov.
659 4356 711 4429 sp.
726 4330 788 4402 tito
805 4333 979 4425 primario
993 4344 1112 4404 erecto
1129 4331 1238 4406 firmo
1249 4333 1390 4405 inferne

170 4454 417 4528 subcontinuo
431 4456 544 4526 ramis
551 4452 758 4526 lateralibus
768 4453 977 4545 patentibus
987 4451 1227 4550 pyramidato,
1235 4452 1391 4526 ramulis

175 4573 305 4650 strictis
320 4571 606 4647 subdichotomo
620 4575 803 4674 fastigiatis
818 4573 1125 4672 subcorymbosis,
1139 4575 1301 4652 articulis
1310 4598 1391 4651 me·
