3378 5464
805 465 1025 538 -t36-

277 623 328 693 tia
348 623 524 692 teneriore
548 632 584 690 et
605 619 725 691 colore
744 618 817 686 tere
842 621 879 687 Ρ.
906 613 1105 712 elongellae.
1130 615 1170 721 A.
1191 627 1229 688 P.
1252 611 1547 730 bramrtteatata

277 743 521 814 articulorum
545 753 730 812 structura
759 759 910 832 quoque
937 739 1057 808 statim
1076 739 1314 832 dignoscitur.

279 916 361 990 251.
380 925 420 986 P.
446 911 761 1012 ItuclringeriAg.
777 935 829 1007 sp.
847 936 885 1007 p.
905 907 965 980 86.
989 907 1054 979 filo
1071 911 1244 1002 primario
1266 922 1385 982 erecto
1411 885 1548 983 inlerne

325 1039 673 1130 continuosuperne
688 1030 949 1104 subarticulato
964 1029 1072 1099 ramis
1085 1028 1294 1100 lateralibus
1303 1029 1546 1126 pyramidem,

325 1157 474 1236 ramulis
501 1155 580 1225 laxe
596 1151 821 1248 penicillatis,
847 1147 1003 1221 ramellis
1016 1147 1095 1219 basi
1113 1151 1307 1221 attenuatis
1323 1149 1549 1244 simplicius-

328 1277 419 1347 culis
430 1249 568 1362 erectis,
577 1275 786 1345 lateralibus
799 1269 1018 1343 distantibus
1031 1271 1132 1362 apice
1144 1271 1294 1342 racheos
1305 1271 1545 1360 brevioribus,

277 1443 280 1450 ι
324 1398 486 1472 articulis
522 1396 649 1467 mediis
681 1395 1102 1490 subsesquilongioribus
1128 1395 1546 1494 infimisbsupremisque

325 1518 501 1588 diametro
513 1516 733 1610 aequalibus,
743 1517 943 1589 trivenosis.

315 1659 392 1719 Hab.
417 1661 448 1717 in
467 1661 543 1718 mari
566 1654 716 1718 Adriatico
732 1658 769 1718 ad
791 1661 968 1736 Tergestum
991 1667 1020 1716 et
1040 1678 1077 1718 ex
1091 1660 1187 1719 insula
1202 1661 1282 1736 Pago
1301 1658 1474 1742 ttiosotetto!⁸
1486 1659 1549 1718 aliis

280 1762 418 1821 adnatam
432 1771 463 1820 et
475 1763 619 1840 rejectam
633 1771 716 1820 extra
731 1735 805 1820 Lido
821 1764 1015 1821 venetiorum
1028 1781 1130 1822 mense
1144 1783 1205 1844 apr.
1224 1773 1254 1821 et
1268 1764 1339 1842 maji
1354 1761 1414 1839 lpse
1428 1764 1497 1840 legi.

317 1891 437 1970 Caespes
449 1891 564 1947 inmari
576 1898 681 1946 natans
689 1887 748 1946 lere
760 1887 933 1968 sphaericus,
943 1889 1021 1948 ultra
1032 1890 1233 1969 semipedalis,
1242 1892 1358 1948 intense
1366 1907 1548 1970 purpureus,

277 1992 387 2052 charrae
398 1993 560 2052 adhaerens.
575 1991 641 2052 Fila
650 1973 793 2070 primaria
806 2011 935 2070 pennam
947 1995 1130 2072 passerinam
1141 2011 1248 2067 crassa,
1260 1973 1550 2071 sensimdecompo-

279 2100 387 2155 sitione
403 2105 563 2178 attenuata,
587 2097 677 2154 ramis
695 2093 865 2153 lateralibus
879 2097 934 2156 3-5
955 2097 1151 2176 pollicarlbus
1169 2115 1271 2156 versus
1287 2099 1402 2176 apicem
1417 2096 1553 2174 longitu-

279 2201 352 2260 dine
369 2200 609 2262 decrescentibus
621 2199 816 2280 pyramidata.
838 2201 925 2260 Remi
940 2201 1109 2280 ramulique
1129 2201 1300 2260 conformes
1323 2199 1359 2258 ad
1378 2201 1553 2278 geniculum

228 2338 237 2364 ι
277 2305 417 2384 quodque
440 2307 489 2363 5-7
504 2304 689 2382 egredientes
704 2303 750 2362 rel
765 2305 859 2362 immo
883 2300 1002 2381 longius
1016 2305 1169 2378 distantes,
1184 2305 1248 2365 basi
1269 2304 1341 2362 nudi
1358 2323 1485 2383 superne
1502 2323 1549 2362 ra-

276 2409 375 2470 mellis
393 2409 565 2468 ‘lateralibus
587 2407 703 2488 paucis,
720 2407 911 2465 inferioribus
932 2408 1039 2466 eodem
1053 2387 1145 2468 modo
1159 2407 1328 2482 ramulosis,
1345 2407 1552 2488 superioribus

277 2513 465 2593 simplicibus
478 2513 634 2590 elongatis,
653 2530 754 2570 versus
772 2515 889 2589 apicem
906 2511 1095 2589 longitudine
1119 2512 1358 2571 decrescentibus
1385 2523 1415 2570 et
1436 2513 1553 2591 apicem

276 2617 518 2676 subnudumnon
529 2615 728 2693 aequantibus.
738 2614 826 2676 Axitti
838 2617 929 2687 acuti,
944 2616 1099 2674 inferiores
1108 2627 1252 2695 patentes.
1265 2615 1391 2674 Articuli
1403 2617 1434 2672 in
1447 2615 1552 2672 intimo

276 2720 326 2778 silo
338 2721 480 2799 primario
489 2720 636 2778 diametro
649 2719 801 2796 breviores
810 2718 992 2777 reticulatim
1000 2722 1103 2777 venosi
1114 2730 1142 2776 et
1151 2720 1346 2792 confluentes,
1356 2717 1407 2776 sed
1417 2719 1448 2775 in
1460 2720 1551 2776 ramis

277 2822 512 2900 majoribusjam
525 2821 736 2899 distinguendi,
751 2821 895 2880 diametro
909 2820 1038 2903 aequales
1050 2831 1079 2879 et
1087 2821 1248 2898 longiores,
1263 2819 1337 2879 dum
1347 2820 1440 2878 medii
1456 2839 1552 2898 usque

279 2927 459 2984 diametrum
483 2925 575 3007 duplo
598 2937 749 3006 superant,
765 2925 923 3002 ultimique
944 2925 1042 2984 denuo
1059 2926 1198 3004 aequales,
1225 2942 1328 2986 omnes
1344 2924 1396 2982 ubi
1421 2924 1552 2984 distincti

276 3033 430 3104 triveuosi,
449 3031 593 3106 geniculis
605 3031 755 3109 paulisper
771 3029 903 3087 elevatis.
919 3028 1090 3117 Siphonum
1104 3030 1248 3088 diameter
1258 3027 1449 3106 longitudine
1464 3030 1550 3108 ipso-

275 3153 344 3196 rum
356 3133 453 3192 saltim
467 3136 557 3214 duplo
571 3137 697 3194 brevior.
716 3133 890 3192 Karamidia
904 3151 941 3190 ex
953 3132 1097 3218 sphaerico
1111 3133 1295 3213 ellipsoidea.

325 3258 603 3330 Characteribus
623 3283 644 3328 a
663 3257 887 3352 quibusdam
913 3259 961 3328 P.
984 3252 1167 3354 elongatur
1186 3255 1312 3326 formis
1331 3258 1459 3349 aegrius
1478 3257 1553 3326 dis-

276 3383 466 3476 tinguitur,
480 3393 640 3450 attarnen
654 3379 832 3450 diversam
853 3402 929 3448 esse
955 3380 1173 3472 putaverim.
1194 3376 1350 3446 Frondes
1368 3377 1552 3469 primariae

277 3509 459 3578 tenuiores
494 3507 653 3600 ideoque
688 3507 794 3578 citius
824 3500 1044 3584 articulata,
1085 3497 1339 3570 articulatione
1367 3499 1405 3566 in
1440 3499 1551 3568 ramis

277 3628 457 3720 primariis
481 3623 553 3696 iere
574 3624 715 3718 ubique
728 3637 763 3695 et
777 3624 961 3719 praecipue
977 3610 1015 3690 in
1029 3622 1205 3691 exsiccata
1216 3618 1391 3714 geniculis
1406 3619 1552 3689 elevatis

280 3771 424 3840 semper
452 3746 697 3832 observanda,
731 3744 875 3816 articuli
906 3743 1083 3836 longiores
1103 3755 1139 3811 et
1166 3740 1367 3812 substantia
1394 3739 1553 3810 tenerior

277 3869 433 3956 videtur,
451 3873 563 3962 magis
576 3869 767 3961 gelatinosa
783 3865 882 3936 unde
896 3866 995 3935 frons
1022 3887 1164 3956 semper
1176 3861 1311 3933 chart'ae
1322 3835 1492 3932 adbaeret.

281 4020 364 4091 252.
390 4022 434 4089 P.
449 4019 623 4116 elongata
644 4022 706 4114 Ag.
731 4041 783 4114 sp.
804 4042 839 4114 p.
870 4016 916 4086 82
940 4015 1002 4087 filo
1026 4016 1199 4108 primario
1214 4027 1333 4084 erecto
1362 4017 1549 4110 ramisque

327 4139 528 4232 majoribus
544 4141 739 4234 kcontinuis
765 4134 1111 4210 reticulato-venosis
1137 4159 1294 4228 superne
1321 4135 1550 4228 penicillatis,

325 4258 479 4330 ramcllis
497 4259 574 4332 basi
589 4259 783 4331 attenuatis
798 4257 1089 4349 simpliciusculis
1106 4257 1234 4326 erectis
1248 4255 1458 4328 lateralibus
1477 4259 1551 4326 dis·

327 4382 489 4452 tautibus
505 4382 607 4472 apice
630 4380 779 4450 racheos
792 4377 1031 4462 brevioribus,
1046 4376 1207 4446 articulis
1224 4375 1457 4447 inferioribus
1476 4378 1551 4446 dia-

325 4512 441 4569 metro
452 4500 689 4586 brevioribus
705 4498 884 4591 supremis
898 4498 1129 4588 aquantibus
1144 4474 1414 4567 subtrivenosis.
1433 4525 1436 4532 ⁴

321 4644 393 4700 llab.
413 4646 443 4700 in
458 4645 533 4701 mari
548 4645 698 4702 Adriatico
720 4641 754 4702 ad
775 4644 968 4716 Tergestum3
985 4642 1074 4699 etiam
1095 4643 1125 4698 in
1145 4639 1346 4700 lllediteraneo
1363 4643 1399 4700 ad
1416 4645 1550 4702 Nicaeam

278 4747 355 4803 inter
369 4747 578 4822 rejectamenta
592 4746 665 4822 legi.
