3386 5468
817 379 987 448 ..μ

549 616 595 704 t.
624 635 921 710 arvutnnmn
939 641 1209 716 namnam.
1253 663 1261 680 ·
1302 619 1305 626 ’

315 831 503 956 Tribunra
519 827 658 961 Harrey
672 866 909 938 constitutam
925 819 1121 954 conservo,
1140 866 1224 938 licet
1239 867 1367 958 bodie,
1379 870 1532 946 charae-2

264 983 679 1080 teribushabitualibus
707 996 854 1064 tantum
881 985 1156 1082 distingueudm
1194 984 1241 1059 ab
1273 988 1534 1066 orcittneorien

149 1129 152 1136 ’
264 1103 525 1203 (mediantibus
542 1101 807 1180 Glorbtbriobia
821 1101 1089 1202 etCalotbrice)
1104 1117 1287 1180 structura
1300 1109 1359 1182 vix
1372 1113 1583 1194 recedat·
1686 1159 1687 1184 r

265 1221 509 1298 Fructificatio
536 1224 734 1318 hucusque
749 1225 892 1318 ignotam
916 1223 976 1294 sed
1001 1223 1187 1318 duplicem
1215 1227 1394 1318 suspicor.
1425 1228 1534 1300 1⁰Ex

265 1343 536 1440 anatogtacum
563 1341 787 1424 Oscillatoria
801 1342 956 1416 annulos
977 1343 1164 1418 interiores
1187 1343 1327 1417 frondis
1348 1346 1387 1416 iu
1409 1369 1533 1440 aporos

265 1463 516 1552 tmnssormari
531 1463 585 1536 vel
599 1466 637 1536 in
651 1462 929 1557 sporidiasolvi,
950 1461 1098 1534 credere
1114 1462 1167 1536 ias
1180 1475 1260 1549 ost·;
1287 1475 1323 1536 α’
1341 1464 1380 1536 in
1400 1465 1534 1562 opto·-

172 1663 175 1669 ,
266 1579 399 1656 trichias
408 1581 576 1678 globulos
588 1585 682 1656 inter
698 1580 760 1654 fila
774 1582 913 1672 frondis
928 1576 1154 1668 nidulantes,
1169 1583 1265 1656 intra
1279 1575 1534 1656 membranam

254 1701 455 1800 tyatinam
481 1703 712 1798 granulosam
734 1703 892 1779 inventes
915 1701 1126 1788 materiam,
1152 1723 1237 1795 quae
1259 1701 1481 1776 sensim-abit
1496 1702 1535 1777 in

260 1821 621 1930 alamannicarum,
634 1821 738 1898 initio
752 1820 929 1915 spiraliter
943 1819 1454 1917 convolutumdcniqueeesc
1469 1822 1536 1902 eri·
1686 1883 1687 1918 p

265 1965 351 2039 gena
373 1954 410 2017 et
425 1942 662 2038 perisporium
679 1943 717 2017 in
729 1940 886 2013 sormam
904 1939 1295 2036 cylindraceoovatam
1312 1941 1533 2027 extendent

267 2059 646 2156 donec-filumceteris
673 2059 862 2132 consimile
883 2060 1124 2168 constituerit,
1141 2059 1226 2135 ridi.
1247 2059 1377 2132 Utrum
1396 2059 1536 2156 globuli
1686 2127 1687 2138 ,

139 2202 142 2212 ’
265 2178 347 2272 isti,
363 2179 425 2254 iila
439 2171 532 2254 nora
547 2191 776 2276 generantes,
795 2181 931 2252 inerint
953 2181 997 2252 iis
1010 2179 1142 2252 similes
1160 2192 1198 2252 et
1216 2180 1374 2275 analogi,
1390 2201 1484 2274 quos
1498 2179 1537 2252 in

267 2301 479 2374 Rivularieis
493 2301 616 2373 omnia
631 2298 693 2372 fila
708 2298 787 2371 basi
803 2311 950 2394 gerant,
964 2310 1001 2370 et
1017 2311 1147 2373 utrum
1164 2322 1207 2370 ex
1226 2301 1364 2372 annulo
1385 2298 1439 2372 fili
1451 2351 1461 2385 ‚
1475 2297 1537 2370 cui

267 2421 392 2514 adnati
403 2421 492 2513 sint,
505 2419 628 2516 erupti
638 2418 788 2510 luerint,
802 2443 850 2490 an
869 2418 941 2490 alio
960 2417 1072 2491 modo
1089 2418 1167 2494 nati
1177 2430 1215 2489 et
1225 2417 1429 2512 explicandi
1444 2419 1516 2494 sint
1526 2469 1541 2508 ,

267 2540 516 2622 manatione
529 2537 696 2626 decidere
709 2561 784 2622 non
797 2538 917 2632 potuit

691 2820 715 2866 1.
742 2794 994 2868 Gnorornmare
1020 2791 1102 2868 nob

318 3025 391 3098 Fila
404 2975 580 3120 simplicia
590 3021 965 3141 obolatatosubulata
977 3073 987 3110 ‚
1001 3019 1151 3116 globulo
1171 3019 1329 3116 hyalino
1341 3019 1537 3094 insidentia

266 3145 406 3244 singula
419 3199 436 3235 „
456 3144 603 3218 materia
632 3144 774 3216 interna
795 3142 874 3215 basi
896 3139 1143 3232 subcontinuat
1171 3163 1327 3234 superne
1357 3139 1534 3217 annulata

266 3265 495 3356 luctamine
516 3262 645 3338 ordine
658 3264 821 3354 instrato
845 3256 1107 3357 mucilaginosa
1130 3253 1274 3332 frondis
1288 3259 1405 3333 laxius
1424 3259 1539 3334 nidu-
1686 3271 1687 3306 l

266 3385 388 3454 lautia.

259 3520 262 3529 ·
290 3499 481 3574 ζεῑηηῑῃῃ
508 3501 836 3595 mucilaginosum,
859 3521 972 3594 quam
997 3498 1035 3567 in
1066 3497 1194 3568 ceteris
1211 3495 1408 3592 generibus
1429 3496 1541 3591 huJus
1686 3555 1687 3602 p

267 3613 386 3698 tribue
413 3620 635 3706 evidentius,
659 3633 695 3694 ct
721 3617 783 3694 fila
807 3620 845 3694 in
869 3619 929 3690 illo
952 3618 1067 3692 laxius
1090 3617 1286 3712 disposita,
1312 3618 1387 3688 sine
1410 3617 1538 3691 ordine

267 3723 412 3836 marcar,
444 3751 607 3812 attamen
631 3737 908 3834 quodammodo
938 3737 1136 3824 radiantia,
1174 3760 1368 3832 nunquam
1392 3737 1540 3830 apposi-

267 3862 365 3931 tione
380 3871 533 3931 ramosa.
545 3858 631 3954 ¹Ipsa
645 3856 705 3930 iila
717 3859 865 3932 diversae
875 3880 1027 3969 quoque
1039 3858 1177 3943 formam
1194 3865 1388 3930 contentus
1405 3877 1539 3953 nempe

260 3979 362 4073 intra
389 3967 642 4080 membranam
663 3977 846 4073 hyalinam
870 3976 1034 4050 inclusus
1057 3976 1103 4046 ad
1127 3975 1232 4050 basin
1251 3953 1460 4047 ⁴crassiorem
1479 3977 1537 4045 est

267 4097 464 4183 indiuisus,
486 4118 644 4190 superne
668 4119 753 4171 vero
785 4107 828 4172 ut
849 4095 886 4168 in
923 4096 1088 4190 reliquis,
1108 4093 1301 4189 generibus
1334 4090 1539 4168 annulatim

268 4215 413 4290 divisus.
1519 4239 1522 4249 ·

271 4436 305 4486 ι..
329 4411 389 4488 Gt.
403 4410 589 4512 amatam
602 4409 684 4486 nob.
697 4415 776 4486 ltin.
789 4411 985 4511 angulosa.
1000 4419 1075 4512 Ag.
1090 4425 1176 4509 syst.
1188 4435 1225 4508 p.
1240 4411 1297 4488 25.

305 4587 381 4645 llab.
403 4583 452 4666 (an
469 4586 586 4645 inmari
599 4587 625 4662 t)
639 4585 907 4668 Galloprorinciaa;
921 4603 967 4666 sp.
981 4583 1011 4644 d.
1023 4581 1237 4662 Perrsymondi
