3386 5468
752 419 946 496 ..nn

216 571 300 649 sets
318 559 584 669 decomposita,
602 577 712 647 ramis
734 577 783 647 ob
807 557 938 669 pinnas
960 589 1082 648 tenus
1096 557 1238 671 apicem
1256 557 1486 674 longitudine

216 694 461 766 decrescentes
470 677 809 789 oncunnnptioue
816 685 1116 789 triangularibus:
1132 695 1274 768 Formas
1283 691 1401 770 allatae
1411 721 1487 772 non

212 813 285 884 nisi
298 815 408 884 niatu
427 813 576 884 divorsis
595 812 688 882 mihi
708 812 898 899 ridentum
915 811 1186 908 innnoeaetnte
1211 813 1310 887 lmus
1329 815 1490 890 ‹littlicltc¹

213 931 383 1026 pinnata,
398 931 518 1025 pinnis
537 931 639 1002 notis
656 944 782 1006 eutem
803 933 982 1006 contiuuo
1004 932 1302 1032 provenientibus
1323 937 1487 1032 donique

214 1051 381 1146 undique
394 1065 537 1122 ramosa
545 1051 682 1122 eradit.
1080 1091 1081 1096 =

559 1324 634 1370 urs.
661 1299 802 1375 Gomon
820 1301 895 1398 Ag·
909 1322 964 1396 tp.
977 1326 1015 1396 pt
1030 1299 1120 1388 451.

209 1501 270 1608 66.
298 1509 338 1576 C.
350 1499 549 1574 adltoerens
561 1504 639 1601 Ag.
655 1525 711 1599 sp.
725 1529 762 1600 p.
777 1505 865 1600 457.

253 1645 332 1716 [lab.
347 1646 387 1704 ad·
398 1663 516 1729 rupesa
533 1647 600 1705 luce
623 1645 824 1720 absconditas,
840 1649 915 1707 inira
937 1647 1066 1706 limitem
1085 1651 1177 1724 maris
1193 1648 1438 1726 vehementioris,
1456 1655 1488 1709 in

213 1735 363 1810 Adriatico
383 1757 477 1829 propo
485 1741 665 1828 Tergestum
677 1748 834 1816 Biasoletto
848 1741 858 1806 l
874 1744 906 1809 in
921 1745 1166 1812 Mediterranoon
1182 1753 1312 1813 Massilia
1333 1772 1427 1834 usque
1449 1755 1489 1814 ad

213 1845 352 1912 Pontuoli
366 1854 451 1930 regni
469 1845 656 1933 Neapolitani
668 1843 740 1931 legi,

227 1973 231 1984 ’
258 1969 372 2050 initio
394 1973 470 2050 lere
499 1961 735 2070 umbilicata‚
767 1971 937 2052 inferiore
963 1980 1074 2052 latere
1102 1975 1260 2075 rupibus
1293 1981 1492 2054 arctissime

213 2093 416 2181 adhaerens,
428 2097 583 2170 obscure
595 2099 800 2172 atrotirtdis
812 2101 971 2194 pilisque
983 2099 1099 2196 longis
1112 2095 1379 2174 albescentibus
1390 2112 1490 2174 extra

213 2215 445 2310 superficiem
465 2219 578 2310 ipsius
604 2218 740 2312 plantae
759 2215 1119 2310 prominentibus-
1143 2233 1256 2315 caput
1268 2219 1406 2294 diceres
1419 2217 1491 2292 Me-

213 2335 525 2407 dusuwmaxtme
536 2335 691 2424 lttbrlcu,
706 2348 742 2407 et
752 2348 906 2428 arrepto
920 2333 1152 2422 difficillima
1167 2338 1322 2422 daubus
1332 2340 1428 2409 vario
1437 2333 1493 2409 di·

215 2453 288 2528 visa
299 2459 335 2527 et
345 2451 590 2550 irregulariter
603 2455 935 2550 bullatoespansa,
942 2451 1083 2528 laciniae
1098 2455 1229 2528 sensim
1243 2465 1491 2552 segregantur,

214 2575 491 2648 ex'trcmitatesa
507 2567 663 2670 rupibus
691 2565 774 2670 plus
792 2571 913 2646 minus
935 2567 1129 2648 solvuntur
1140 2615 1154 2661 ,·
1180 2567 1353 2648 deorsum
1371 2562 1490 2647 invol—
1528 2667 1530 2672 Ι
1613 2645 1616 2650 .

213 2705 352 2767 vuntur
363 2704 399 2764 ct
410 2685 609 2788 aliquando
631 2690 680 2765 ita
697 2687 902 2789 cylindrioae
924 2706 1115 2790 apparent,
1138 2717 1221 2764 cum
1235 2691 1429 2766 frondibus
1450 2701 1489 2768 C.

213 2816 405 2886 tomentosi
421 2825 544 2885 umen
557 2834 764 2907 numquam
780 2812 1066 2900 commutandae.

214 2955 273 3052 52.
303 2955 344 3026 0.
356 2960 480 3029 Bursa
490 2954 570 3052 Ag.
588 2976 644 3051 sp.
656 2977 696 3052 p.
715 2952 797 3049 457.

242 3097 334 3172 Ιώ.
349 3097 386 3160 td
401 3096 514 3178 kpitlts
534 3097 581 3156 tol
602 3096 779 3176 plerumque
801 3095 840 3154 sd
860 3093 997 3156 caudatos
1019 3105 1174 3156 emortuos
1198 3095 1373 3154 Posidonio
1394 3095 1424 3154 in
1439 3097 1487 3153 si-

214 3201 313 3262 nubus
327 3197 585 3280 tranquillioribus
598 3198 761 3270 sabulosis;
779 3197 815 3256 ad
829 3201 1005 3274 Tergestum
1019 3194 1194 3256 Biatolsttol
1211 3217 1228 3256 a
1240 3199 1326 3258 cern
1339 3215 1432 3276 usquc
1452 3195 1491 3256 ad

216 3304 356 3366 Possuoli
369 3307 401 3364 in
414 3304 633 3366 mediterraneo
646 3303 715 3382 legi.

264 3429 377 3502 Frons
397 3453 521 3500 recens
545 3451 566 3497 e
592 3429 681 3498 mari
695 3437 880 3518 protracta
899 3435 955 3495 est
976 3423 1341 3519 depresso-globosa,
1367 3424 1490 3512 dura,

214 3549 490 3635 auoviresoens,
503 3548 603 3617 intus
614 3569 719 3630 cava,
733 3555 772 3614 at
784 3541 856 3612 filis
872 3543 909 3614 in
922 3541 1038 3614 nodos
1060 3545 1155 3614 varie
1171 3542 1330 3616 collectis
1345 3543 1492 3616 denuo-

216 3690 289 3764 que
315 3667 488 3766 discretis.
507 3664 674 3759 undique
701 3685 885 3756 percursa.
914 3655 1112 3732 Filamenta
1138 3661 1217 3732 haec
1246 3665 1416 3736 interiora
1443 3663 1490 3734 ad

214 3797 370 3860 stratum
399 3782 620 3856 horizontale
646 3785 854 3865 internum,
876 3803 917 3850 ex
955 3791 1032 3874 quo
1062 3778 1123 3850 iila
1149 3780 1284 3852 clavata
1316 3783 1492 3855 verticalis

215 3917 372 3979 stratum
391 3916 584 3992 externum
610 3902 865 3976 constituentia
888 3887 1061 3996 surgunt,
1087 3913 1232 3972 extensa
1255 3913 1368 3986 sunt,¹
1390 3901 1492 3995 fron-

188 4094 192 4101 .
215 4024 346 4120 disque
354 4021 580 4095 tendendam
595 4021 870 4116 ceutrilugalem
884 4031 1034 4116 cogunt.
1051 4019 1144 4090 Hinc
1157 4021 1287 4092 accidit
1300 4032 1342 4090 ut
1355 4019 1383 4090 si
1396 4043 1492 4089 seca·

214 4157 279 4218 tur
288 4143 403 4230 frons,
413 4140 627 4215 laciniarum
638 4143 816 4235 margines
828 4142 952 4211 statim
962 4140 1235 4212 contrahuntur
1244 4138 1492 4234 etiuglobum

215 4286 355 4336 novum
369 4261 424 4334 vel
445 4260 653 4356 cylindrum
676 4258 760 4356 plus
783 4260 906 4332 minus
918 4260 1217 4332 involvuntur—
1231 4257 1309 4328 lere
1330 4259 1492 4331 irritabi-

215 4383 353 4456 lttaiem
370 4369 563 4454 animalem
578 4375 754 4454 crederes.
773 4373 913 4451 Caritas
924 4381 1068 4452 interna
1086 4383 1141 4452 est
1159 4379 1316 4452 humore
1331 4369 1490 4473 repleta,

216 4503 301 4596 qui,
327 4499 373 4574 ab
409 4512 508 4596 aqua
535 4497 675 4572 marina
708 4497 889 4586 diversus,
906 4493 1076 4592 ¹ejtr'sdcm
1110 4510 1251 4570 naturae
1278 4491 1423 4570 videtur
1447 4520 1493 4566 ac

216 4633 347 4695 mccut
363 4621 403 4693 ln
439 4621 605 4695 nmen
625 4619 803 4692 taborum
825 4617 1029 4688 comentur.
1058 4650 1105 4672 a·
1124 4617 1318 4706 *Quum'in
1338 4611 1492 4688 ‘caudice
