3378 5464
800 427 992 501 -864-

312 711 315 719 ’
356 731 360 740 ·
452 701 798 778 nllaocrnsEndl.
815 659 1339 819 Geapl‘cznttrey‘ormcdor.)

309 941 420 1024 Frons
433 952 619 1042 eallulosa,
635 953 773 1026 cellulis
785 957 1019 1033 interioribus
1034 964 1236 1059 oblongatis
1254 970 1407 1064 hyalinis
1420 977 1531 1046 strato

260 1072 476 1145 cellularum
498 1074 815 1166 granulisormium
831 1079 869 1151 in
890 1083 999 1150 ramis
1014 1085 1194 1173 primariis
1219 1093 1534 1164 arctccoalesceu-

258 1195 369 1285 tium,
387 1191 427 1262 in
450 1193 671 1266 secundariis
700 1197 869 1268 laxorum
897 1213 934 1269 et
957 1203 994 1271 in
1019 1201 1079 1272 iila
1106 1205 1313 1278 ‹licbotoma
1339 1211 1534 1284 divaricata

260 1313 451 1388 articulata
477 1315 631 1398 invicem
657 1313 840 1389 sublibera
862 1316 1093 1409 abeuntium,
1120 1327 1259 1397 cinctis.
1290 1329 1444 1404 Fructus
1467 1333 1535 1404 du-

260 1431 372 1530 plexl
400 1433 610 1508 Favellidt'a
641 1439 676 1506 iu
706 1438 1035 1512 intumescentibus
1070 1447 1220 1517 ramulis
1249 1448 1460 1544 subsiogula
1488 1454 1531 1522 ad

261 1556 367 1630 basin
385 1553 534 1627 filorum
556 1557 687 1630 sessilis
710 1565 748 1628 et
768 1559 876 1651 plexu
891 1557 1026 1632 borum
1045 1564 1276 1638 urnbellatim
1302 1571 1536 1644 invalueran-

261 1675 359 1750 tium
368 1676 850 1772 cineta,intraperisporium
860 1678 1047 1772 hyalinum
1058 1687 1263 1778 congeriem
1277 1688 1535 1784 subglobosam

262 1827 454 1900 sperarum
468 1805 697 1898 minutarum
708 1802 873 1874 foventia.
882 1803 1155 1898 Sporpspore..ss.
1166 1803 1262 1900 Algae
1274 1806 1458 1880 filiiormes
1471 1824 1548 1881 aut‘

264 1924 621 2018 compresso-plana,
633 1947 754 2012 roseae,
766 1925 945 2016 pinnatim
959 1925 1223 2012 ramosissimae,
1234 1930 1344 1998 ramis
1356 1931 1536 2022 primariis

265 2046 481 2139 compactis,
497 2044 647 2114 ramulis
666 2043 712 2114 ob
733 2030 894 2114 ramenta
907 2041 1045 2111 'laxiora
1060 2045 1399 2117 intumescentibus.

312 2164 461 2252 Plantae,
489 2187 573 2259 quae
601 2164 674 2232 boc
704 2187 818 2256 genus
846 2166 1093 2250 constituunt,
1126 2169 1317 2240 rarissimae
1349 2171 1533 2259 videntur,

265 2285 363 2355 unde
387 2283 560 2354 dubiade
584 2286 709 2384 fructu
736 2282 858 2351 adhue
880 2298 1038 2354 manent.
1067 2287 1109 2355 ln
1134 2293 1181 2357 N.
1216 2289 1382 2388 Wiggbii
1395 2293 1537 2363 fruetus

264 2403 401 2498 duplex
415 2401 647 2491 describitur,
668 2405 705 2471 in
727 2402 877 2472 ramulis
892 2402 1221 2480 intumescentibus
1246 2421 1402 2502 uterque
1420 2413 1534 2481 situs:

266 2551 363 2599 unus
387 2529 425 2597 in
447 2527 570 2596 medio
587 2523 817 2596 ramulorum
842 2523 993 2618 globum
1021 2527 1202 2596 seminum
1228 2529 1430 2615 includens,
1449 2530 1538 2600 alter

263 2647 355 2717 inira
384 2645 485 2718 basin
502 2644 650 2717 filorum
678 2645 877 2714 seminibus
906 2645 1156 2714 minutissimis
1179 2657 1348 2716 constans
1374 2645 1466 2743 (Ag.
1484 2670 1537 2744 sp.

263 2765 355 2864 Atg.
374 2791 409 2861 p.
429 2787 507 2836 112.
531 2771 636 2839 Grec.
659 2765 750 2862 Alg.
770 2767 878 2834 Britt.
900 2785 937 2855 p.
966 2760 1062 2854 152).
1080 2761 1273 2856 Diagnosis,
1291 2787 1405 2860 quam
1426 2778 1537 2859 supra

264 2886 366 2972 dedi,
385 2885 430 2955 ab
448 2886 517 2956 hac
529 2886 771 2976 descriptione
786 2881 930 2952 abludit
946 2893 1013 2949 eta
1030 2880 1152 2970 planta
1168 2882 1334 2951 desurnta
1348 2896 1411 2970 est,
1424 2907 1538 2977 quam

263 3007 350 3092 olim
377 3031 463 3078 cum
489 3006 604 3077 dubio
618 3008 655 3075 in
680 3006 808 3075 vicinia
827 3001 912 3099 apt.
937 3001 1060 3074 Teedii
1076 3006 1190 3077 referi.
1211 3003 1246 3074 Si
1267 3020 1393 3078 autem
1410 3031 1536 3079 verum

261 3140 315 3198 est
328 3129 524 3212 sructuma
542 3140 724 3198 structura
738 3127 851 3220 ipsius
865 3122 1002 3195 frondis
1018 3125 1188 3218 pendere,
1206 3138 1241 3196 et
1249 3127 1295 3197 ab
1307 3153 1378 3199 una
1391 3129 1436 3198 ad
1447 3131 1539 3200 alte·

260 3273 345 3320 rum
371 3245 590 3318 concludere
620 3246 737 3332 licere,
764 3246 882 3314 ideam
912 3269 1024 3338 quam
1050 3267 1160 3336 supra
1185 3247 1230 3314 de
1256 3243 1537 3332 fructificatione

262 3369 347 3440 dare
363 3369 473 3454 volui,
503 3348 635 3460 justam
654 3390 729 3436 esse
750 3389 882 3457 parurn
900 3351 1045 3435 dubito.
1063 3362 1311 3458 Spaerosporas
1332 3364 1385 3434 vel
1403 3389 1536 3460 organa

261 3487 319 3558 bis
336 3486 485 3578 analoga
508 3485 554 3554 ab
568 3483 779 3556 auctoribus
792 3485 973 3576 descripta
999 3507 1072 3552 non
1085 3482 1180 3569 vidi3
1199 3506 1283 3578 quae
1310 3497 1433 3557 autem
1456 3487 1537 3582 des·

262 3605 457 3678 cribuntur
471 3627 568 3675 veras
586 3627 673 3689 esse,
697 3627 914 3698 magnopere
931 3602 1076 3690 dubito,
1097 3600 1180 3672 licet
1195 3607 1234 3675 in
1251 3604 1533 3698 descriptionem

260 3725 556 3797 antecedentium
579 3734 773 3793 auctorum
810 3723 911 3792 haud
939 3723 1030 3793 male
1057 3723 1188 3794 eadere
1208 3723 1353 3796 videtur
1380 3727 1532 3821 analysis

261 3849 345 3919 data
381 3847 530 3940 plantae,
553 3856 678 3914 nostro
711 3842 848 3936 iudicio
877 3845 1030 3913 maxime
1054 3840 1187 3931 affinis,
1211 3845 1249 3914 in
1284 3846 1533 3917 recentissimo

263 3993 370 4064 opere
385 3968 567 4040 Deeaisnei
587 3969 735 4039 nornine
756 3965 1027 4039 Heteroelodioe
1044 3949 1086 4043 tlt
1101 3991 1215 4061 genus
1238 3966 1376 4040 novum
1403 3995 1535 4066 propo·

261 4089 350 4159 sitae.
368 4086 478 4158 Nobis
494 4127 540 4140 —
552 4087 581 4156 si
596 4098 720 4156 contra
735 4087 966 4156 auctoritates
976 4097 1093 4156 tantas
1107 4087 1318 4179 opinionem
1340 4063 1534 4183 hypothesi

261 4207 392 4282 fultam
415 4205 523 4277 assere
540 4206 656 4293 liceat,
676 4205 969 4300 spbaerospboras
985 4206 1038 4275 vel
1058 4209 1096 4276 in
1116 4207 1201 4299 ipsis
1222 4201 1294 4276 filis
1325 4210 1534 4304 peripericis

261 4317 494 4403 ramulorum
510 4326 672 4412 formari,
701 4338 765 4397 aut
788 4326 833 4396 ad
859 4327 938 4397 haec
955 4340 1100 4399 externe
1123 4325 1204 4398 sitas
1219 4325 1307 4415 lore,
1332 4331 1533 4402 verosimile

263 4450 419 4522 videtur.
449 4465 452 4472 ·
849 4541 853 4548 ἡ

257 4557 262 4568 ’
310 4567 363 4641 ld
381 4587 494 4666 genus
511 4567 710 4640 Naccarioe
729 4567 864 4663 itaque,
880 4575 1011 4665 praeter
1035 4569 1193 4666 speeiem
1213 4583 1438 4668 sequentem,
1460 4592 1534 4642 nu-

256 4675 444 4763 ineramus
478 4690 529 4763 N.
549 4685 768 4764 &densiori
785 4681 886 4786 (Spin.
905 4685 1124 4766 Scltouaboei
1144 4688 1219 4796 Ag.
1254 4685 1366 4790 syrah.
1381 4711 1418 4790 p.
1458 4685 1529 4790 16);
