3378 5464
686 378 830 452 -433
869 421 900 432 —

160 520 242 592 bitu
257 521 395 594 diversa
411 534 447 594 et
473 523 689 596 accuratiori
702 521 942 606 articulorum
958 529 1125 600 examine
1146 527 1193 599 ad
1209 539 1339 622 typum
1354 540 1431 604 tan·

162 655 242 714 tum
253 645 451 716 referenda.

162 815 245 907 245.
260 828 298 890 P.
312 823 438 891 vestita
449 844 530 891 nov.
545 844 597 918 sp.
611 820 675 894 filo
689 825 862 917 primario
881 837 1000 895 erecto
1015 824 1152 895 inferne
1169 825 1434 912 subcontinm,

207 943 316 1012 ramis
338 941 545 1026 lateralibus
562 944 771 1038 patentibus
786 943 1015 1038 pyramidato
1033 933 1259 1039 ramulisque
1281 941 1435 1020 minutis

209 1062 339 1155 sparsis
364 1062 495 1152 obsito,
517 1064 677 1142 ramulis.
692 1065 884 1137 lateraliter
907 1063 1096 1137 ramulosis
1111 1063 1282 1137 flexuosis
1299 1067 1434 1138 subco-

209 1182 387 1276 rymbosis
404 1186 624 1279 patentibus,
639 1187 800 1258 articulis
821 1185 950 1260 mediis
967 1185 1082 1282 duplo
1094 1184 1336 1282 longioribus,
1354 1189 1437 1264 infi-

214 1306 283 1376 mis
296 1306 550 1399 supremisque
565 1305 743 1379 diametro
759 1307 1033 1400 subaqualibus
1047 1310 1249 1382 trivenosis.

202 1479 279 1539 ilab.
297 1479 329 1538 in
340 1469 420 1538 inari
437 1479 585 1538 Adriatico
601 1478 638 1537 ad
652 1479 830 1558 Tergestum
845 1488 874 1538 et
887 1478 1016 1538 insulam
1029 1483 1125 1556 Pago,
1137 1477 1310 1554 dissoluto.

202 1633 295 1691 Frons
307 1647 456 1710 purpurea
467 1629 688 1710 2·3pollicaris.
703 1628 803 1691 Filum
812 1631 992 1709 primarium
1002 1629 1091 1691 terea
1111 1629 1175 1690 basi
1188 1629 1377 1691 articulatum
1387 1631 1438 1692 vix

162 1745 312 1794 setaccum
326 1732 487 1793 lateraliter
500 1736 591 1794 ramis
606 1733 813 1794 conformibus
835 1732 1018 1812 ramaliaque
1037 1734 1160 1796 minutis
1179 1733 1294 1796 inferne
1312 1735 1438 1814 sparsis-

156 1841 244 1906 „simis
262 1857 390 1918 superne
405 1834 447 1896 'ad
466 1837 641 1918 geniculum
657 1839 717 1928 iere
730 1837 872 1915 quodque
886 1836 1107 1916 egredientibus
1123 1837 1268 1899 obsitum.
1284 1838 1373 1898 Remi
1385 1857 1437 1898 ra-

161 1945 298 2022 muliquc
319 1942 382 2004 basi
400 1942 581 2020 nudiusculi,
599 1943 758 2002 lateraliter
776 1941 919 2002 ramulosi
934 1945 1033 2022 potius
1053 1961 1144 2020 quam
1167 1941 1358 2018 dictarunt:
1371 1942 1435 2002 basi

162 2049 243 2124 nuda
263 2050 356 2108 stricti
380 2058 411 2106 et
426 2047 574 2126 aequales,
600 2047 683 2126 apice
701 2045 930 2122 subcorymbosi
948 2045 1135 2124 inaequaliter
1153 2049 1243 2106 crassi
1264 2055 1295 2104 et
1312 2047 1438 2110 flexuosi

162 2161 296 2234 patentes
307 2161 336 2209 et
348 2170 427 2231 saepe
439 2150 747 2212 divaricata-recurri.
760 2149 884 2208 Articuli
891 2147 1047 2208 inferiores
1061 2152 1093 2208 in
1105 2147 1155 2209 filo
1169 2152 1312 2228 primario
1326 2151 1436 2210 ramis-

163 2274 220 2334 que
236 2254 381 2314 diametro
403 2254 464 2311 sere
483 2231 646 2326 breviores,
662 2251 769 2312 mediae
788 2251 881 2330 duplo
903 2253 1067 2329 longiores,
1086 2255 1254 2333 superiores
1269 2246 1438 2331 sesquilon-

164 2361 276 2435 giores,
290 2355 486 2416 ramellorum
500 2358 629 2435 denique
645 2355 784 2436 aequales,
804 2373 908 2415 omnes
925 2358 1081 2432 trivcnosi,
1101 2358 1246 2436 geniculis
1260 2357 1435 2436 longiorum

163 2463 353 2523 subclevatis.

212 2619 279 2694 Ad.
294 2629 336 2695 Ρ.
353 2617 632 2720 Perrey‘mondii
639 2621 804 2716 proxime
815 2621 984 2692 accedere
994 2621 1138 2693 videtur
1150 2634 1187 2692 at
1201 2621 1438 2694 ramificatio-

163 2771 209 2816 ne
226 2744 377 2830 diversa,
392 2745 431 2812 in
443 2744 593 2814 ramulis
609 2743 720 2838 magis
734 2729 883 2828 laterali,
901 2742 1058 2812 ramellis
1073 2743 1278 2814 divaricatis
1292 2737 1435 2814 llexuo-
1463 2743 1464 2748 ’

164 2868 235 2947 sis,
263 2889 331 2934 nec
354 2863 480 2933 erectis
504 2863 655 2949 strictis,
682 2874 718 2931 et
738 2861 898 2932 camellis
917 2860 1091 2932 brevibus
1109 2861 1170 2933 fila
1193 2864 1368 2956 primaria
1385 2865 1438 2933 in·
1518 2951 1522 2964 ¹

164 2983 400 3060 vestientibus
416 2981 668 3078 dignoscenda.
693 2981 800 3054 Color
816 2983 929 3076 magis
945 3005 1154 3076 purpureus
1174 2995 1211 3054 et
1235 2983 1438 3056 substantia

164 3110 287 3180 minus
307 3102 462 3180 lubrica.
880 3099 885 3110 '

167 3303 249 3394 246.
278 3306 316 3370 P.
341 3301 538 3400 polyspora
560 3301 636 3399 Ag.
664 3325 715 3398 sp.
736 3328 773 3398 p.
798 3305 854 3373 80.
887 3303 949 3373 filo
985 3305 1158 3398 primario
1185 3315 1305 3375 erecto
1331 3303 1441 3377 firmo

213 3401 353 3497 inferne
365 3424 606 3496 subcontinuo
629 3427 738 3496 ramis
759 3423 966 3496 lateralibus
988 3425 1196 3518 patentibus
1210 3449 1295 3518 vage
1309 3423 1441 3515 obsito,

214 3545 364 3618 ramulis
378 3543 875 3630 subsecundato-penicillatls
894 3543 1158 3642 sublestigiatis‚
1182 3545 1341 3617 articulis
1360 3546 1441 3616 dia-

214 3681 331 3738 metro
355 3663 628 3760 subaqualibus
641 3663 700 3736 4-5
716 3667 865 3736 venosis.

206 3844 286 3906 Hab.
300 3844 418 3904 inmari
431 3841 582 3904 Adriatico
596 3839 633 3899 ad
646 3841 837 3918 Tergestum,
853 3839 1027 3900 Biasoletto!

1228 3969 1237 3998 0

217 4023 432 4119 Specimina,
457 4043 539 4114 quae
552 4043 596 4092 cx
616 4022 709 4093 mari
732 4021 911 4094 Adriatico
934 4021 1027 4112 vidi,
1046 4022 1171 4094 adhuc
1190 4019 1366 4115 juvenilia
1383 4020 1440 4092 vi·

168 4148 315 4231 dentur,
332 4156 368 4214 et
385 4140 496 4212 filum
506 4141 723 4234 primarium
740 4143 825 4212 inde
839 4166 859 4212 a
875 4142 953 4214 basi
967 4139 1203 4216 articulatum
1218 4151 1436 4224 monstrant.

168 4267 399 4339 Conveniunt
425 4261 514 4332 vero'
533 4259 810 4351 ramificatione‚
842 4266 954 4358 magis
979 4286 1091 4357 quam
1118 4265 1155 4332 in
1175 4259 1362 4357 proximis,
1389 4261 1439 4330 ir-

167 4387 345 4484 regulari,
369 4383 524 4454 ramulis
548 4381 686 4454 ultimis
704 4386 886 4458 evidenter
901 4383 1068 4456 secundis
1080 4396 1117 4454 et
1129 4383 1345 4478 siphonibus
1368 4404 1441 4451 nu-

167 4509 314 4580 merosis
336 4531 453 4602 usque
470 4507 507 4576 in
516 4504 653 4578 ultimis
667 4507 883 4578 continuatis
903 4504 1232 4602 aspectum'erimie
1251 4503 1427 4576 obtusum

168 4628 496 4704 etcrassiusculum
517 4630 573 4708 bis
586 4615 844 4704 tribuentibus.
