3378 5464
700 397 756 431 ...-
775 379 896 450 81·-

163 516 296 588 sensiles
322 517 391 591 iilis
409 523 736 600 ‘involumentibus
768 534 893 625 paucis
925 534 1038 624 fulta,
1063 539 1157 610 intra
1188 543 1433 638 perisporium

162 636 403 730 gelatinosum
421 643 610 738 hyalinum
628 670 753 741 sporas
769 653 956 747 angulatas
973 679 1185 732 numerosas
1199 661 1293 735 laxas
1307 662 1433 738 loren-

162 757 496 858 teerplraerosporu
508 767 544 835 in
560 767 697 840 cellulis
708 773 965 864 geniculorum
977 779 1306 856 intumescentibus
1315 787 1434 859 nidu-

160 875 273 948 lantes
298 879 362 974 (ct
384 883 428 952 ad
451 886 615 976 genicula
629 891 769 984 singula
789 895 1297 1002 transversaliternumerosae)
1313 913 1434 1002 spbae-

160 995 256 1082 ricae,
269 997 362 1069 iutra
377 1006 618 1097 perisporium
636 1009 824 1102 hyalinnnr
844 1013 880 1083 in
893 1040 1018 1109 sporas
1036 1015 1248 1116 dtriangule
1262 1024 1394 1098 divisae.

166 1148 580 1278 ι,6ι.’0.εἱ1ἰαῐιιιηἈς.
602 1205 653 1279 sp.
671 1209 707 1280 p,
733 1186 811 1257 155.
852 1146 856 1153 ·

201 1313 278 1384 llalr.
305 1317 342 1384 ad
361 1337 449 1398 rupes
465 1321 733 1388 vehementissimo·
745 1329 827 1394 lluxu
843 1339 1005 1416 expositas,
1020 1341 1050 1400 in
1063 1339 1159 1402 limite
1173 1310 1264 1407 maris
1278 1348 1434 1436 utriusque

162 1416 343 1501 frequenter.
354 1499 359 1504 ἱ

163 1607 242 1678 163.
259 1608 548 1708 C.·diaplranum
566 1618 640 1717 Ag.
664 1643 715 1717 sp.
740 1647 776 1720 p.
802 1626 883 1699 150.

198 1759 281 1818 nab:
294 1763 325 1821 in
338 1763 402 1822 aliis
415 1766 495 1843 bigis
510 1774 677 1848 parasitica,
692 1741 722 1834 in
744 1779 870 1850 sinubus
885 1786 1146 1864 tranquillioribus
1161 1796 1314 1903 utriusqpe
1328 1773 1430 1864 mario.

163 1945 240 2034 164.
255 1955 294 2020 C.
311 1948 462 2024 mbram
474 1959 548 2054 Ag.
573 1985 625 2055 sp.
643 1985 679 2057 p.
714 1966 792 2036 146.
830 1999 834 2010 ·

198 2109 277 2172 Hah.
294 2131 363 2174 cnm
377 2121 573 2198 precedente,
590 2129 704 2205 specics
719 2132 749 2188 in
764 2133 985 2198 Mediterranea
1001 2145 1098 2204 minus
1116 2145 1265 2226 frequens.
1391 2225 1395 2232 v

470 2417 633 2490 rursus
660 2421 705 2492 ιι.
736 2413 1106 2511 cnrrronnunn.

206 2691 317 2762 Frons
334 2692 503 2768 cellulosa
518 2698 657 2798 duplici
673 2715 782 2776 strato
799 2713 994 2784 constituta
1008 2746 1017 2798 3
1035 2718 1205 2793 interiore
1225 2725 1329 2800 efilis
1349 2731 1430 2828 plus

154 2811 279 2881 minus
289 2813 501 2903 intertextis,
513 2819 692 2891 rarissime
703 2825 827 2896 ctubo
839 2831 981 2925 singulo
994 2849 1060 2907 aut
1074 2839 1210 2914 cellulis
1228 2851 1432 2926 minoribus

154 2930 1430 3048 conslitutmcxteriorenuncfilismoniliformibnsliberis,nuncmuco
1465 3007 1467 3012 ’

155 3049 326 3122 involutis
335 3053 387 3122 vel
396 3055 432 3123 iu
441 3067 598 3128 stratum
616 3066 842 3155 compactius
854 3071 1158 3168 coalescentibus,
1176 3109 1277 3159 nunc
1290 3089 1430 3168 cellulis

153 3169 358 3262 rotundatis
384 3174 577 3268 saepissime
606 3181 831 3258 radiantibus
853 3204 1052 3268 constante.
1081 3199 1236 3277 Fructus
1262 3210 1427 3306 duplex:

153 3287 366 3362 Faoellidio
387 3294 425 3362 in
452 3294 621 3379 interiore
647 3311 759 3372 strato
788 3306 842 3377 vel
863 3309 908 3378 ad
934 3311 1038 3384 basin
1064 3316 1213 3394 filorum
1243 3331 1429 3422 exterioris

152 3407 272 3479 frondi
289 3409 553 3502 subimmersa‚
569 3419 748 3490 rarissime
762 3421 856 3494 intra
870 3431 1114 3527 pericarpium
1131 3449 1323 3538 proprium
1349 3435 1444 3526 evo?

152 3527 249 3614 luta,
274 3531 368 3628 intra
386 3529 628 3628 perisporium
651 3537 840 3632 hyalinum
865 3551 1188 3636 membranaceum
1210 3549 1306 3662 saepe
1327 3584 1429 3644 tena-

153 3647 340 3719 cissimum
351 3654 549 3723 arctissime
559 3658 791 3734 circumdans
805 3689 929 3760 sporus
942 3675 1101 3750 minutas
1113 3691 1426 3768 numerosissimas

152 3769 190 3836 in
201 3767 449 3861 glomerulum
465 3767 648 3868 congestas
665 3781 832 3856 inventia.
860 3787 1133 3892 Sphoerorporoe
1155 3805 1341 3896 sphaericae
1361 3831 1427 3888 aut
1547 3864 1562 3893 ο

152 3885 317 3982 oblongae
348 3887 400 3986 (in
424 3893 660 3987 paucioribus
686 3896 878 3992 generibus
904 3919 1049 3982 tantum
1079 3920 1213 4016 notae),
1235 3931 1427 4025 morphosi
1475 3979 1478 3992 ·

152 4005 367 4078 cellularum
387 4011 601 4103 peripheriae
614 4011 788 4106 formator,
802 4023 837 4090 in
852 4047 975 4118 sporus
996 4032 1018 4120 [r
1040 4035 1214 4112 divisione
1229 4049 1423 4148 triangula,

151 4133 528 4201 zonataautcruciata
545 4133 676 4204 divisae.
1083 4187 1086 4190 -
1315 4173 1324 4188 ·
1423 4143 1426 4150 “

200 4237 457 4344 Cryptonemeoe
482 4265 568 4322 sunt
590 4252 773 4332 Ceramico
796 4265 992 4360 inquibus
1018 4297 1180 4355 ramenta
1203 4292 1292 4362 adeo
1315 4287 1426 4370 deusti

151 4379 248 4450 sunt,
262 4379 304 4435 ut
327 4380 478 4440 stratum
504 4373 775 4464 periphericum
801 4389 1161 4482 ornuinoinclrulens
1184 4409 1354 4498 ferinunt.
1382 4415 1425 4488 ln

154 4481 402 4556 Gloiocladeis
422 4491 491 4560 sub
512 4492 629 4564 souma
655 4517 904 4576 ranrcntorum
926 4523 962 4581 ct
986 4515 1110 4590 adhuc
1132 4525 1204 4610 lere
1224 4529 1337 4605 libera
1361 4502 1426 4608 aut

153 4613 299 4680 tantum
325 4609 436 4677 muco
459 4609 582 4686 laxiori
609 4615 770 4694 involuta
792 4638 944 4700 stratum
964 4647 1153 4716 externum
1173 4637 1294 4738 adest;
1316 4653 1353 4733 in
1370 4665 1450 4736 se·'

1262 4775 1280 4842 ὅ
