3378 5464
759 355 805 402 -.-
834 315 975 390 ¹2⁰-

221 489 308 538 nem
320 477 358 538 et
368 465 590 566 characteres
603 468 757 554 tentavi,
773 467 911 564 quibus
925 491 1001 564 quo
1014 469 1195 542 difficilior
1208 474 1319 544 suerit
1336 487 1493 548 conatus

220 610 264 656 eo
285 586 411 656 mitius
433 585 688 682 Algologorum
712 585 893 682 judicium
918 609 1060 684 sperare
1082 592 1252 664 audeam.

271 727 553 800 Characteribus
572 730 609 800 in
622 728 812 822 speciebus
820 726 992 822 Algarum
1007 731 1127 825 generi
1141 731 1289 804 tributis
1299 744 1336 804 et
1348 733 1495 806 unicni-

222 873 296 946 que
312 851 409 920 notis
422 848 514 922 nihil
531 849 666 922 addere
677 851 874 943 potuerim.
891 849 955 920 His
973 861 1095 922 tamen
1114 855 1312 946 contrarias
1327 853 1499 926 observa·

220 974 337 1045 tiones
351 969 548 1040 nonnullas
558 967 689 1066 adjecit
697 968 766 1044 Cel.
784 965 961 1068 Duby(in
973 973 1027 1048 11.
1039 995 1212 1044 mensur
1222 969 1275 1046 les
1286 975 1498 1070 Ceramicos)

222 1114 325 1186 quas
341 1088 588 1162 contradicere
615 1111 734 1184 cogor.
755 1088 922 1162 Primum
943 1115 1055 1185 nemp
1079 1116 1212 1186 speras
1257 1093 1378 1166 lorma
1393 1117 1499 1188 -qua-

221 1209 342 1283 drutus
353 1211 391 1280 in
402 1213 436 1280 P
450 1207 640 1280 urceolam
652 1210 827 1281 invenisse
840 1211 949 1294 dicit;
966 1236 1009 1282 ex
1022 1210 1139 1307 figura
1150 1224 1280 1286 autem
1292 1214 1497 1288 datelucu-

221 1331 337 1404 lenter
357 1339 523 1424 apparet,
538 1328 643 1402 illum
660 1328 806 1402 cellulas
824 1331 938 1424 ipsius
954 1331 1175 1408 membrana
1194 1357 1261 1426 pro
1272 1335 1389 1426 sporis
1402 1335 1499 1410 male

221 1452 493 1544 interpretasse3
513 1459 656 1520 constat
671 1473 804 1543 nempe
826 1452 1072 1544 pericarpium
1093 1451 1203 1544 hujus
1220 1454 1350 1547 speciei
1363 1464 1406 1525 ut
1419 1477 1499 1526 orn-

222 1574 329 1644 nium
352 1572 466 1643 totius
489 1571 628 1665 generis
648 1592 692 1652 en
708 1569 845 1642 cellulis
871 1573 1058 1666 quadratis
1080 1587 1145 1645 arnt
1165 1574 1494 1670 rectangularibus,

224 1731 274 1748 --
285 1717 368 1788 quae
381 1692 539 1762 nonnisi
554 1675 868 1762 continuationem
884 1694 1018 1764 sistunt
1034 1675 1250 1766 cellularum
1264 1696 1382 1790 ipsam
1396 1697 1500 1768 fron-

223 1815 309 1886 dem
331 1813 739 1885 constituentium-in
763 1811 977 1884 Keramidiis
992 1825 1130 1920 autern,
1157 1815 1254 1886 utin
1277 1818 1377 1886 omni
1393 1829 1497 1908 parte

223 1933 406 2006 terminali
442 1932 659 2003 abbreviatis
691 1944 727 2003 et
758 1933 914 2018 sormam
947 1933 1165 2026 quadratam
1194 1936 1306 2029 magis
1340 1935 1498 2006 induen-

95 2081 99 2088 ’
223 2055 336 2126 tibus.
361 2051 532 2124 Formant
546 2053 605 2124 hac
625 2052 764 2134 cellulae
779 2053 884 2124 series
902 2051 1180 2148 longitudinales
1194 2054 1297 2124 initio
1313 2055 1494 2148 simplices

226 2175 289 2247 scd
304 2175 527 2246 increscente
546 2172 750 2246 keramidio
769 2170 1022 2270 (plerumque)
1035 2177 1149 2270 magis
1166 2177 1353 2270 magisque
1368 2175 1501 2246 dicho-

224 2306 356 2382 tomas,
379 2305 415 2364 et
433 2294 471 2365 in
490 2293 678 2364 nonnullis
704 2291 894 2384 speciebus
909 2295 1011 2388 apice
1025 2295 1179 2365 invicem
1195 2296 1346 2366 omnino
1362 2295 1501 2368 discre-

223 2427 289 2486 tas.
317 2415 389 2486 Nec
403 2413 533 2509 majori
555 2413 635 2508 jure
647 2411 742 2509 (loco
754 2415 866 2483 citato
882 2439 920 2510 p,
944 2412 1003 2509 10)
1015 2414 1263 2506 contenditur,
1286 2439 1410 2509 sporas
1424 2439 1501 2486 esse

225 2535 460 2608 membranae
473 2537 643 2607 exteriori
654 2534 797 2616 affixam
820 2545 908 2609 sunt
919 2558 1052 2628 nempe
1066 2558 1208 2628 semper
1221 2535 1268 2605 ad
1292 2537 1499 2627 placentam

225 2655 422 2727 centralem
447 2657 484 2725 in
509 2655 626 2727 fundo
648 2653 844 2726 Keramidii
865 2653 990 2740 affixae,
1017 2666 1063 2738 et,
1086 2655 1124 2722 ni
1138 2655 1297 2724 nimium
1318 2653 1433 2744 fallor,
1452 2654 1498 2724 ab

226 2778 396 2847 interiore
411 2787 522 2847 strato
539 2774 755 2846 cellularum
769 2771 907 2844 frondis
923 2773 1098 2846 formatae.

273 2899 552 2994 Distinctionem
564 2899 767 2991 specierum
788 2893 1040 2987 carumquein
1053 2892 1171 2964 tribus
1184 2893 1499 2966 coordinationem

228 3023 330 3117 quod
359 3023 506 3108 attinet,
526 3043 644 3114 pauca
669 3015 921 3114 premononda
949 3013 1077 3084 habeo.
1101 3011 1213 3082 Series
1237 3013 1330 3084 duas
1354 3014 1500 3084 satdis-

225 3144 356 3216 tinctas
374 3142 576 3228 discernere
595 3139 747 3212 credidi.
771 3137 814 3208 ln
835 3119 972 3230 prima,
999 3133 1030 3205 si
1039 3133 1149 3209 sectio
1164 3131 1303 3208 frondis
1320 3144 1501 3204 transver-

227 3263 310 3336 salis
325 3247 550 3348 observatur,
569 3259 720 3354 adparet
732 3258 847 3330 tubus
861 3253 1028 3326 centralis
1043 3253 1188 3324 tenuior
1205 3253 1300 3324 cirea
1317 3275 1428 3350 quem
1450 3253 1500 3322 si-

227 3385 369 3478 pbones
380 3382 640 3478 subcylindrici
650 3381 913 3473 disponuntur,
924 3374 1016 3446 tubo
1029 3372 1180 3444 centrali
1191 3371 1411 3468 plerumque
1424 3365 1501 3444 ma·

226 3502 331 3601 jures,
340 3527 495 3574 numero
506 3503 696 3597 sepissime
711 3499 745 3586 5,
757 3511 821 3570 ant
833 3497 949 3570 rarius
963 3491 1016 3590 (in
1028 3497 1070 3564 P.
1084 3489 1397 3590 breviarticnlata)
1409 3494 1443 3566 4.
1463 3493 1500 3566 Si

229 3623 400 3718 siphones
414 3622 451 3692 in
465 3621 674 3716 pluresnon
684 3615 985 3700 subdividuntur,
998 3615 1099 3707 quod
1114 3613 1214 3706 juxta
1226 3614 1497 3708 periphericum

229 3745 324 3817 latus
335 3767 478 3836 semper
493 3741 547 3830 lit,
564 3741 734 3834 siphones
745 3763 788 3810 ex
801 3735 994 3830 superficie
1005 3736 1069 3807 visi
1081 3733 1261 3828 regulares
1271 3749 1452 3828 apparent
1463 3749 1499 3808 ct
1554 3797 1557 3804 .

229 3875 305 3935 tcta
322 3863 419 3950 lrons
438 3862 630 3936 articulata
645 3861 781 3935 dicitur
802 3856 952 3956 (Tribus
973 3854 1064 3952 1-3);
1084 3854 1147 3928 Sin
1162 3879 1246 3926 vero
1270 3856 1440 3950 siphones
1461 3857 1498 3926 in

229 3981 353 4078 plures
363 3979 508 4054 cellulas
520 3981 806 4074 subdividuntur
814 3980 1214 4065 oriturertrastratum,
1229 3976 1499 4071 quodsiphoni-

230 4108 302 4176 bus
327 4100 400 4176 illis
420 4103 541 4196 quinis
564 4102 813 4186 constituitur,
836 4085 975 4178 novum
993 4099 1172 4173 tuborum
1201 4098 1499 4170 tenuissimorum

230 4235 385 4296 stratum
400 4223 671 4318 periphericum
686 4217 754 4317 (r).
775 4219 934 4308 Cellulae,
949 4243 1032 4314 quae
1049 4219 1120 4292 hoc
1130 4230 1320 4292 externum
1341 4229 1499 4290 stratum

266 4484 303 4553 (l)
322 4489 360 4538 De
376 4483 449 4539 modo
467 4479 539 4550 hujus
562 4483 708 4554 cellularum¹
721 4479 870 4534 lormstiouis
890 4479 945 4534 vide
966 4479 1099 4537 nisurus
1114 4489 1190 4540 nostr.
1214 4484 1240 4532 in
1262 4497 1319 4534 nom
1341 4489 1389 4532 act.
1412 4483 1497 4534 Natur.

230 4579 326 4636 Curios.
