<?xml version="1.0" encoding="UTF-8"?>
<!DOCTYPE html PUBLIC "-//W3C//DTD XHTML 1.0 Transitional//EN"
    "http://www.w3.org/TR/xhtml1/DTD/xhtml1-transitional.dtd">
<html xmlns="http://www.w3.org/1999/xhtml" xml:lang="en" lang="en">
 <head>
  <title>
</title>
<meta http-equiv="Content-Type" content="text/html;charset=utf-8" />
  <meta name='ocr-system' content='tesseract 3.04.00' />
  <meta name='ocr-capabilities' content='ocr_page ocr_carea ocr_par ocr_line ocrx_word'/>
</head>
<body>
  <div class='ocr_page' id='page_1' title='image "./algaemarismedit00agargoog_0012.png"; bbox 0 0 3386 5468; ppageno 0'>
   <div class='ocr_carea' id='block_1_1' title="bbox 174 2432 1454 3248">
    <p class='ocr_par' dir='ltr' id='par_1_1' title="bbox 174 2432 1454 3248">
     <span class='ocr_line' id='line_1_1' title="bbox 180 2432 1448 2531; baseline -0.001 -24"><span class='ocrx_word' id='word_1_1' title='bbox 180 2477 191 2488; x_wconf 89' lang='lat'>-</span> <span class='ocrx_word' id='word_1_2' title='bbox 226 2435 318 2531; x_wconf 81' lang='lat' dir='ltr'>Algae</span> <span class='ocrx_word' id='word_1_3' title='bbox 345 2436 452 2504; x_wconf 90' lang='lat' dir='ltr'>maris</span> <span class='ocrx_word' id='word_1_4' title='bbox 476 2432 729 2506; x_wconf 82' lang='lat' dir='ltr'>Mediterranei</span> <span class='ocrx_word' id='word_1_5' title='bbox 751 2447 787 2504; x_wconf 91' lang='lat' dir='ltr'>et</span> <span class='ocrx_word' id='word_1_6' title='bbox 809 2433 994 2519; x_wconf 82' lang='lat' dir='ltr'>Adriatici,</span> <span class='ocrx_word' id='word_1_7' title='bbox 1015 2438 1045 2507; x_wconf 90' lang='lat' dir='ltr'>si</span> <span class='ocrx_word' id='word_1_8' title='bbox 1069 2462 1090 2506; x_wconf 89' lang='lat' dir='ltr'>a</span> <span class='ocrx_word' id='word_1_9' title='bbox 1113 2459 1270 2507; x_wconf 89' lang='lat' dir='ltr'>numero</span> <span class='ocrx_word' id='word_1_10' title='bbox 1284 2435 1448 2530; x_wconf 89' lang='lat' dir='ltr'>Operum</span> 
     </span>
     <span class='ocr_line' id='line_1_2' title="bbox 175 2577 1452 2674; baseline 0.002 -24"><span class='ocrx_word' id='word_1_11' title='bbox 175 2580 252 2652; x_wconf 89' lang='lat' dir='ltr'>illas</span> <span class='ocrx_word' id='word_1_12' title='bbox 282 2579 544 2650; x_wconf 86' lang='lat' dir='ltr'>illustrantium</span> <span class='ocrx_word' id='word_1_13' title='bbox 562 2577 726 2669; x_wconf 87' lang='lat' dir='ltr'>judicare</span> <span class='ocrx_word' id='word_1_14' title='bbox 744 2579 862 2667; x_wconf 89' lang='lat' dir='ltr'>liceat,</span> <span class='ocrx_word' id='word_1_15' title='bbox 880 2580 974 2648; x_wconf 87' lang='lat' dir='ltr'>inter</span> <span class='ocrx_word' id='word_1_16' title='bbox 998 2581 1134 2672; x_wconf 89' lang='lat' dir='ltr'>optime</span> <span class='ocrx_word' id='word_1_17' title='bbox 1148 2582 1308 2674; x_wconf 83' lang='lat' dir='ltr'>cognitas</span> <span class='ocrx_word' id='word_1_18' title='bbox 1330 2583 1452 2652; x_wconf 86' lang='lat' dir='ltr'>existi-</span> 
     </span>
     <span class='ocr_line' id='line_1_3' title="bbox 174 2717 1452 2820; baseline 0.003 -30"><span class='ocrx_word' id='word_1_19' title='bbox 174 2721 316 2792; x_wconf 87' lang='lat' dir='ltr'>mandae</span> <span class='ocrx_word' id='word_1_20' title='bbox 328 2732 427 2792; x_wconf 88' lang='lat' dir='ltr'>sunt.</span> <span class='ocrx_word' id='word_1_21' title='bbox 447 2723 744 2816; x_wconf 76' lang='lat' dir='ltr'>Cryptogamiam</span> <span class='ocrx_word' id='word_1_22' title='bbox 761 2717 990 2817; x_wconf 78' lang='lat' dir='ltr'>Aquaticam</span> <span class='ocrx_word' id='word_1_23' title='bbox 1008 2719 1200 2818; x_wconf 81' lang='lat' dir='ltr'>Wulfcnii,</span> <span class='ocrx_word' id='word_1_24' title='bbox 1223 2723 1452 2820; x_wconf 80' lang='lat' dir='ltr'>Algologiam</span> 
     </span>
     <span class='ocr_line' id='line_1_4' title="bbox 174 2859 1454 2960; baseline 0.001 -25"><span class='ocrx_word' id='word_1_25' title='bbox 174 2861 412 2935; x_wconf 69' lang='lat' dir='ltr'>Adriaticum</span> <span class='ocrx_word' id='word_1_26' title='bbox 434 2865 628 2948; x_wconf 85' lang='lat' dir='ltr'>Naccarii‚</span> <span class='ocrx_word' id='word_1_27' title='bbox 659 2859 1040 2959; x_wconf 79' lang='lat' dir='ltr'>Hydrophytologium</span> <span class='ocrx_word' id='word_1_28' title='bbox 1066 2869 1187 2960; x_wconf 82' lang='lat' dir='ltr'>Regni</span> <span class='ocrx_word' id='word_1_29' title='bbox 1213 2865 1454 2960; x_wconf 75' lang='lat' dir='ltr'>Neapolitani</span> 
     </span>
     <span class='ocr_line' id='line_1_5' title="bbox 175 2999 1452 3097; baseline 0.003 -27"><span class='ocrx_word' id='word_1_30' title='bbox 175 3002 408 3082; x_wconf 81' lang='lat' dir='ltr'>illustrissimi</span> <span class='ocrx_word' id='word_1_31' title='bbox 417 2999 527 3076; x_wconf 79' lang='lat' dir='ltr'>Delta</span> <span class='ocrx_word' id='word_1_32' title='bbox 541 2999 682 3097; x_wconf 72' lang='lat' dir='ltr'>etiosa,</span> <span class='ocrx_word' id='word_1_33' title='bbox 695 3000 843 3076; x_wconf 84' lang='lat' dir='ltr'>Florum</span> <span class='ocrx_word' id='word_1_34' title='bbox 862 3006 1003 3076; x_wconf 71' lang='lat' dir='ltr'>Morece</span> <span class='ocrx_word' id='word_1_35' title='bbox 1013 3011 1235 3092; x_wconf 71' lang='lat' dir='ltr'>Borrunam,</span> <span class='ocrx_word' id='word_1_36' title='bbox 1247 3009 1452 3078; x_wconf 81' lang='lat' dir='ltr'>Botaniccu</span> 
     </span>
     <span class='ocr_line' id='line_1_6' title="bbox 176 3141 1452 3248; baseline 0.002 -30"><span class='ocrx_word' id='word_1_37' title='bbox 176 3143 361 3218; x_wconf 79' lang='lat' dir='ltr'>Gallicam</span> <span class='ocrx_word' id='word_1_38' title='bbox 378 3141 608 3238; x_wconf 83' lang='lat' dir='ltr'>Duhyauum</span> <span class='ocrx_word' id='word_1_39' title='bbox 633 3157 745 3248; x_wconf 84' lang='lat' dir='ltr'>atque</span> <span class='ocrx_word' id='word_1_40' title='bbox 768 3143 922 3216; x_wconf 85' lang='lat' dir='ltr'><em>Floram</em></span> <span class='ocrx_word' id='word_1_41' title='bbox 949 3145 1140 3246; x_wconf 71' lang='lat' dir='ltr'>Caprariae</span> <span class='ocrx_word' id='word_1_42' title='bbox 1166 3151 1313 3218; x_wconf 83' lang='lat' dir='ltr'>Morisii</span> <span class='ocrx_word' id='word_1_43' title='bbox 1338 3162 1374 3218; x_wconf 87' lang='lat' dir='ltr'>et</span> <span class='ocrx_word' id='word_1_44' title='bbox 1398 3150 1452 3220; x_wconf 81' lang='lat' dir='ltr'>De</span> 
     </span>
    </p>
   </div>
   <div class='ocr_carea' id='block_1_2' title="bbox 176 3289 1582 3384">
    <p class='ocr_par' dir='ltr' id='par_1_2' title="bbox 176 3289 1582 3384">
     <span class='ocr_line' id='line_1_7' title="bbox 176 3289 1582 3384; baseline 0.001 -24"><span class='ocrx_word' id='word_1_45' title='bbox 176 3293 328 3362; x_wconf 82' lang='lat' dir='ltr'>Notaris</span> <span class='ocrx_word' id='word_1_46' title='bbox 365 3289 521 3360; x_wconf 87' lang='lat' dir='ltr'>diversas</span> <span class='ocrx_word' id='word_1_47' title='bbox 551 3290 753 3380; x_wconf 86' lang='lat' dir='ltr'>provincias</span> <span class='ocrx_word' id='word_1_48' title='bbox 778 3290 937 3361; x_wconf 87' lang='lat' dir='ltr'>Nereidis</span> <span class='ocrx_word' id='word_1_49' title='bbox 965 3293 1237 3362; x_wconf 85' lang='lat' dir='ltr'>Mediterraneae</span> <span class='ocrx_word' id='word_1_50' title='bbox 1274 3293 1447 3384; x_wconf 70' lang='lat' dir='ltr'>peculiari</span> <span class='ocrx_word' id='word_1_51' title='bbox 1574 3343 1582 3362; x_wconf 88' lang='lat'><strong>.</strong></span> 
     </span>
    </p>
   </div>
   <div class='ocr_carea' id='block_1_3' title="bbox 174 3409 1450 4098">
    <p class='ocr_par' dir='ltr' id='par_1_3' title="bbox 174 3409 1450 4098">
     <span class='ocr_line' id='line_1_8' title="bbox 175 3409 1449 3522; baseline 0.002 -42"><span class='ocrx_word' id='word_1_52' title='bbox 175 3411 297 3481; x_wconf 87' lang='lat' dir='ltr'>studio</span> <span class='ocrx_word' id='word_1_53' title='bbox 323 3422 492 3480; x_wconf 80' lang='lat' dir='ltr'>tractasse</span> <span class='ocrx_word' id='word_1_54' title='bbox 521 3409 613 3522; x_wconf 86' lang='lat' dir='ltr'>inter</span> <span class='ocrx_word' id='word_1_55' title='bbox 644 3433 770 3479; x_wconf 89' lang='lat' dir='ltr'>omnes</span> <span class='ocrx_word' id='word_1_56' title='bbox 796 3423 948 3480; x_wconf 86' lang='lat' dir='ltr'>constat.</span> <span class='ocrx_word' id='word_1_57' title='bbox 979 3412 1165 3506; x_wconf 83' lang='lat' dir='ltr'>Algologos</span> <span class='ocrx_word' id='word_1_58' title='bbox 1194 3411 1449 3482; x_wconf 89' lang='lat' dir='ltr'>celeberrimos</span> 
     </span>
     <span class='ocr_line' id='line_1_9' title="bbox 176 3559 1446 3660; baseline 0.002 -28"><span class='ocrx_word' id='word_1_59' title='bbox 176 3562 285 3634; x_wconf 88' lang='lat' dir='ltr'>Italiae</span> <span class='ocrx_word' id='word_1_60' title='bbox 314 3574 349 3632; x_wconf 91' lang='lat' dir='ltr'>et</span> <span class='ocrx_word' id='word_1_61' title='bbox 377 3560 498 3632; x_wconf 77' lang='lat' dir='ltr'>Gallia</span> <span class='ocrx_word' id='word_1_62' title='bbox 534 3559 766 3658; x_wconf 76' lang='lat' dir='ltr'>Meneglzini,</span> <span class='ocrx_word' id='word_1_63' title='bbox 804 3563 1025 3649; x_wconf 80' lang='lat' dir='ltr'>Zanarclini,</span> <span class='ocrx_word' id='word_1_64' title='bbox 1052 3560 1264 3660; x_wconf 76' lang='lat' dir='ltr'>Papufuva,</span> <span class='ocrx_word' id='word_1_65' title='bbox 1295 3563 1446 3648; x_wconf 67' lang='lat' dir='ltr'>riardo,</span> 
     </span>
     <span class='ocr_line' id='line_1_10' title="bbox 174 3705 1449 3800; baseline -0.002 -22"><span class='ocrx_word' id='word_1_66' title='bbox 174 3705 361 3778; x_wconf 80' lang='lat' dir='ltr'>Bertolo-ui</span> <span class='ocrx_word' id='word_1_67' title='bbox 379 3711 630 3800; x_wconf 82' lang='lat' dir='ltr'>etMontugne</span> <span class='ocrx_word' id='word_1_68' title='bbox 652 3707 767 3776; x_wconf 89' lang='lat' dir='ltr'>multa</span> <span class='ocrx_word' id='word_1_69' title='bbox 778 3729 870 3776; x_wconf 91' lang='lat' dir='ltr'>nova</span> <span class='ocrx_word' id='word_1_70' title='bbox 886 3707 1054 3800; x_wconf 84' lang='lat' dir='ltr'>adjecisse</span> <span class='ocrx_word' id='word_1_71' title='bbox 1077 3731 1182 3800; x_wconf 85' lang='lat' dir='ltr'>acque</span> <span class='ocrx_word' id='word_1_72' title='bbox 1195 3709 1324 3798; x_wconf 86' lang='lat' dir='ltr'>liquet.</span> <span class='ocrx_word' id='word_1_73' title='bbox 1346 3706 1449 3800; x_wconf 81' lang='lat' dir='ltr'>Algo-</span> 
     </span>
     <span class='ocr_line' id='line_1_11' title="bbox 175 3854 1448 3952; baseline 0.002 -26"><span class='ocrx_word' id='word_1_74' title='bbox 175 3857 304 3952; x_wconf 85' lang='lat' dir='ltr'>logiam</span> <span class='ocrx_word' id='word_1_75' title='bbox 321 3854 542 3926; x_wconf 74' lang='lat' dir='ltr'>Adriatic-am</span> <span class='ocrx_word' id='word_1_76' title='bbox 562 3855 877 3948; x_wconf 83' lang='lat' dir='ltr'>peregrinantibus</span> <span class='ocrx_word' id='word_1_77' title='bbox 891 3858 1070 3928; x_wconf 89' lang='lat' dir='ltr'>Botanicis</span> <span class='ocrx_word' id='word_1_78' title='bbox 1085 3856 1201 3926; x_wconf 84' lang='lat' dir='ltr'>multa</span> <span class='ocrx_word' id='word_1_79' title='bbox 1216 3855 1362 3944; x_wconf 67' lang='lat' dir='ltr'>debere⁹</span> <span class='ocrx_word' id='word_1_80' title='bbox 1381 3882 1448 3928; x_wconf 88' lang='lat' dir='ltr'>nec</span> 
     </span>
     <span class='ocr_line' id='line_1_12' title="bbox 175 3997 1450 4098; baseline -0.001 -29"><span class='ocrx_word' id='word_1_81' title='bbox 175 3999 446 4087; x_wconf 82' lang='lat' dir='ltr'>obliviscemur3</span> <span class='ocrx_word' id='word_1_82' title='bbox 464 4005 640 4083; x_wconf 71' lang='lat' dir='ltr'>Moriens,</span> <span class='ocrx_word' id='word_1_83' title='bbox 655 3999 696 4068; x_wconf 87' lang='lat' dir='ltr'>C.</span> <span class='ocrx_word' id='word_1_84' title='bbox 710 3999 881 4098; x_wconf 75' lang='lat' dir='ltr'>Agardlz,</span> <span class='ocrx_word' id='word_1_85' title='bbox 892 4007 957 4072; x_wconf 83' lang='lat' dir='ltr'>Fr.</span> <span class='ocrx_word' id='word_1_86' title='bbox 976 3997 1174 4096; x_wconf 77' lang='lat' dir='ltr'>Radalplri,</span> <span class='ocrx_word' id='word_1_87' title='bbox 1184 4003 1357 4098; x_wconf 82' lang='lat' dir='ltr'>Kytzing‚</span> <span class='ocrx_word' id='word_1_88' title='bbox 1368 4000 1450 4070; x_wconf 83' lang='lat' dir='ltr'>Du-</span> 
     </span>
    </p>
   </div>
   <div class='ocr_carea' id='block_1_4' title="bbox 177 4139 1448 4240">
    <p class='ocr_par' dir='ltr' id='par_1_4' title="bbox 177 4139 1448 4240">
     <span class='ocr_line' id='line_1_13' title="bbox 177 4139 1448 4240; baseline -0.002 -26"><span class='ocrx_word' id='word_1_89' title='bbox 177 4139 236 4240; x_wconf 81' lang='lat' dir='ltr'>by,</span> <span class='ocrx_word' id='word_1_90' title='bbox 260 4143 458 4240; x_wconf 88' lang='lat' dir='ltr'>pluresque</span> <span class='ocrx_word' id='word_1_91' title='bbox 482 4144 542 4214; x_wconf 88' lang='lat' dir='ltr'>alii</span> <span class='ocrx_word' id='word_1_92' title='bbox 566 4143 719 4216; x_wconf 86' lang='lat' dir='ltr'>Adriam</span> <span class='ocrx_word' id='word_1_93' title='bbox 739 4145 940 4215; x_wconf 89' lang='lat' dir='ltr'>visitarunt.</span> <span class='ocrx_word' id='word_1_94' title='bbox 963 4145 1036 4214; x_wconf 88' lang='lat' dir='ltr'>Nec</span> <span class='ocrx_word' id='word_1_95' title='bbox 1064 4145 1088 4212; x_wconf 93' lang='lat' dir='ltr'>ii</span> <span class='ocrx_word' id='word_1_96' title='bbox 1109 4144 1270 4230; x_wconf 89' lang='lat' dir='ltr'>tacendi,</span> <span class='ocrx_word' id='word_1_97' title='bbox 1285 4146 1351 4238; x_wconf 86' lang='lat' dir='ltr'>qni</span> <span class='ocrx_word' id='word_1_98' title='bbox 1379 4145 1448 4236; x_wconf 91' lang='lat' dir='ltr'>ipsi</span> 
     </span>
    </p>
   </div>
   <div class='ocr_carea' id='block_1_5' title="bbox 18 4291 1541 4396">
    <p class='ocr_par' dir='ltr' id='par_1_5' title="bbox 18 4291 1541 4396">
     <span class='ocr_line' id='line_1_14' title="bbox 18 4291 1541 4396; baseline -0.001 -34"><span class='ocrx_word' id='word_1_99' title='bbox 18 4295 19 4362; x_wconf 63' lang='grc' dir='ltr'>ξ</span> <span class='ocrx_word' id='word_1_100' title='bbox 81 4385 83 4396; x_wconf 32' lang='grc' dir='ltr'>Ι</span> <span class='ocrx_word' id='word_1_101' title='bbox 174 4296 374 4368; x_wconf 85' lang='lat' dir='ltr'>auctoriam</span> <span class='ocrx_word' id='word_1_102' title='bbox 398 4295 550 4394; x_wconf 85' lang='lat' dir='ltr'>gloriam</span> <span class='ocrx_word' id='word_1_103' title='bbox 576 4304 805 4390; x_wconf 87' lang='lat' dir='ltr'>spernentes,</span> <span class='ocrx_word' id='word_1_104' title='bbox 819 4293 1031 4366; x_wconf 88' lang='lat' dir='ltr'>liberalitate</span> <span class='ocrx_word' id='word_1_105' title='bbox 1046 4317 1120 4386; x_wconf 91' lang='lat' dir='ltr'>qua</span> <span class='ocrx_word' id='word_1_106' title='bbox 1136 4291 1342 4388; x_wconf 91' lang='lat' dir='ltr'>hospitibus</span> <span class='ocrx_word' id='word_1_107' title='bbox 1364 4315 1446 4362; x_wconf 90' lang='lat' dir='ltr'>suas</span> <span class='ocrx_word' id='word_1_108' title='bbox 1537 4377 1541 4386; x_wconf 58' lang='lat'>„</span> 
     </span>
    </p>
   </div>
   <div class='ocr_carea' id='block_1_6' title="bbox 174 4432 1445 4557">
    <p class='ocr_par' dir='ltr' id='par_1_6' title="bbox 174 4432 1445 4557">
     <span class='ocr_line' id='line_1_15' title="bbox 174 4432 1445 4557; baseline 0.003 -53"><span class='ocrx_word' id='word_1_109' title='bbox 174 4432 399 4508; x_wconf 89' lang='lat' dir='ltr'>collectiones</span> <span class='ocrx_word' id='word_1_110' title='bbox 419 4439 622 4532; x_wconf 85' lang='lat' dir='ltr'>panderent</span> <span class='ocrx_word' id='word_1_111' title='bbox 643 4441 761 4557; x_wconf 72' lang='lat' dir='ltr'>iisque</span> <span class='ocrx_word' id='word_1_112' title='bbox 780 4438 914 4512; x_wconf 83' lang='lat' dir='ltr'>auxilia</span> <span class='ocrx_word' id='word_1_113' title='bbox 933 4439 1050 4536; x_wconf 84' lang='lat' dir='ltr'>largiti</span> <span class='ocrx_word' id='word_1_114' title='bbox 1076 4452 1174 4527; x_wconf 91' lang='lat' dir='ltr'>sunt,</span> <span class='ocrx_word' id='word_1_115' title='bbox 1193 4438 1445 4534; x_wconf 84' lang='lat' dir='ltr'>magisiorsan</span> 
     </span>
    </p>
   </div>
   <div class='ocr_carea' id='block_1_7' title="bbox 174 4585 1444 4687">
    <p class='ocr_par' dir='ltr' id='par_1_7' title="bbox 174 4585 1444 4687">
     <span class='ocr_line' id='line_1_16' title="bbox 174 4585 1444 4687; baseline 0.002 -30"><span class='ocrx_word' id='word_1_116' title='bbox 174 4608 288 4682; x_wconf 92' lang='lat' dir='ltr'>quam</span> <span class='ocrx_word' id='word_1_117' title='bbox 315 4585 374 4657; x_wconf 91' lang='lat' dir='ltr'>alii</span> <span class='ocrx_word' id='word_1_118' title='bbox 398 4587 445 4659; x_wconf 87' lang='lat' dir='ltr'>ad</span> <span class='ocrx_word' id='word_1_119' title='bbox 471 4590 715 4686; x_wconf 82' lang='lat' dir='ltr'>cognitionem</span> <span class='ocrx_word' id='word_1_120' title='bbox 735 4590 908 4686; x_wconf 75' lang='lat' dir='ltr'>bigarum</span> <span class='ocrx_word' id='word_1_121' title='bbox 930 4591 969 4664; x_wconf 86' lang='lat' dir='ltr'>in</span> <span class='ocrx_word' id='word_1_122' title='bbox 986 4615 1052 4662; x_wconf 89' lang='lat' dir='ltr'>sua</span> <span class='ocrx_word' id='word_1_123' title='bbox 1077 4593 1235 4687; x_wconf 90' lang='lat' dir='ltr'>quisque</span> <span class='ocrx_word' id='word_1_124' title='bbox 1256 4589 1444 4684; x_wconf 83' lang='lat' dir='ltr'>provincia</span> 
     </span>
    </p>
   </div>
   <div class='ocr_carea' id='block_1_8' title="bbox 0 0 1698 5468">
    <p class='ocr_par' dir='ltr' id='par_1_8' title="bbox 0 0 1698 5468">
     <span class='ocr_line' id='line_1_17' title="bbox 0 0 1698 5468; baseline 0 1"><span class='ocrx_word' id='word_1_125' title='bbox 0 0 1698 5468; x_wconf 95' lang='lat' dir='ltr'> </span> 
     </span>
    </p>
   </div>
  </div>
 </body>
</html>
