3378 5464
659 349 875 424 -t55-

180 491 255 550 Hah.
271 491 308 550 etl
318 509 406 572 rupes
419 492 606 554 obscuriores
618 514 635 554 a
645 493 862 555 vehementiori
876 496 957 556 fluxu
970 469 1076 577 parum
1086 507 1214 557 remotas
1226 497 1402 577 profundius

141 593 289 656 demersas
303 590 457 676 utriusque
471 599 574 672 maris,
588 597 735 676 frequens.
1208 603 1211 612 '

186 748 280 820 Var.
299 762 477 842 pennata.
492 747 648 820 Pinnisa
662 751 823 844 margine
844 749 1065 822 densissimis
1087 750 1297 842 patentibus
1312 748 1403 820 sub·=

134 866 340 959 equalibus
361 869 483 940 medio
500 870 705 942 coccidium
722 869 942 964 gerentibus.

175 1017 253 1080 flas.
271 1035 308 1080 ex
321 1021 398 1080 meri
411 1019 561 1082 Adriatico
574 1021 654 1080 dedit
668 1016 845 1079 Biasolettc!

176 1141 270 1203 Frons
283 1147 337 1205 2-3
349 1145 501 1227 polliceris
515 1147 662 1226 subplana
678 1147 790 1206 lineam
808 1148 855 1206 vix
867 1145 925 1206 leta
944 1164 1033 1225 parce
1044 1145 1232 1221 dichotomn,
1253 1150 1402 1225 sequentis

134 1249 521 1331 conformibue'pstentibus
535 1267 662 1332 superne
679 1261 729 1310 ant
750 1269 804 1330 per
816 1260 913 1310 totam
925 1250 1148 1327 longitudinem
1160 1250 1251 1310 deuse
1265 1253 1399 1329 pinnata.

134 1355 237 1412 Pinnae
258 1357 422 1434 emargine
436 1356 633 1434 egredientes,
655 1374 735 1414 nunc
752 1355 967 1434 suboppositae‚
991 1342 1070 1414 nune¹
1090 1355 1228 1414 secundae
1253 1355 1300 1414 vel
1321 1373 1401 1434 saepe

133 1455 252 1516 duobus
265 1457 397 1517 tribusve
412 1457 561 1536 singulam
574 1458 805 1538 opponentibus,
824 1468 874 1517 aut
890 1459 1039 1538 simplices
1055 1471 1105 1516 aut
1117 1459 1368 1531 subdichotomae‚
1385 1479 1400 1518 a

132 1559 197 1619 bosi
211 1561 314 1620 latiore
329 1579 436 1641 parurn
454 1561 624 1633 attenuatae,
640 1561 1082 1640 2-31ineaslongsesemilinea
1099 1565 1260 1637 tenuiores,
1277 1564 1313 1622 ad
1337 1570 1402 1622 rne-

132 1663 218 1724 dium
234 1666 411 1726 Coccidium
425 1667 578 1745 singulum
590 1677 734 1744 gerentes.

187 1811 326 1887 Habitu
348 1841 369 1887 a
391 1816 509 1888 forma
531 1818 703 1911 primaria
728 1829 916 1912 tantopere
941 1817 1078 1888 recedit
1112 1830 1153 1887 ut
1185 1839 1252 1908 pro
1284 1817 1402 1906 specie

132 1934 374 2006 diversissima
392 1935 494 2008 facile
513 1937 705 2014 habeatur.
728 1937 841 2010 Frons
858 1940 1005 2012 densius
1022 1941 1183 2031 pinnata,
1210 1937 1327 2028 pinnis
1350 1947 1402 2004 to-

133 2066 208 2123 tam
228 2056 429 2150 marginem
445 2057 731 2151 occupantibus,
749 2055 944 2132 fructiferis
965 2081 1079 2152 quam
1097 2059 1132 2127 in
1154 2055 1239 2153 Sph.
1255 2079 1402 2128 corono

127 2169 259 2268 pisolc‘o
276 2175 446 2269 multiplo
461 2176 685 2270 longioribus
709 2179 842 2265 medio,
860 2203 926 2249 nec
950 2180 1065 2271 apice,
1092 2178 1253 2247 coccidia
1272 2201 1399 2268 goren·

131 2292 242 2380 tibus,
267 2294 366 2365 unde
389 2294 466 2367 lraec
490 2295 591 2366 haud
615 2311 870 2374 mucronatarn
894 2301 1143 2394 apparentiam
1170 2297 1316 2368 habent.

460 2521 625 2595 TRIBUS
650 2521 710 2595 Vl.
740 2521 1069 2596 DELESSERIEAE.

179 2719 290 2789 Frons
308 2718 477 2792 cellulosa
491 2721 677 2804 continua,
696 2709 834 2792 cellulis
851 2718 1056 2791 rotundatis
1077 2718 1298 2812 angulatisvc
1320 2741 1403 2788 con-

129 2849 236 2908 texta.
274 2837 427 2908 Fructus
455 2837 589 2930 duplex
604 2866 615 2925 ;
631 2835 799 2908 Coccidia
830 2835 877 2904 ad
908 2835 1075 2905 frondem
1106 2843 1250 2905 externa
1265 2838 1402 2941 ‚jorra

129 2955 374 3049 pericarpium
392 2955 619 3042 cellulosum,
642 2955 802 3048 denique
822 2966 1006 3049 apertum,
1028 2979 1152 3050 speras
1173 2939 1344 3024 obovatns
1364 2954 1399 3022 in

128 3077 289 3148 articulis
311 3073 460 3148 filorum
484 3074 786 3149 moniliformium
810 3098 829 3143 e
853 3073 1020 3168 placenta
1044 3073 1194 3147 contrali
1217 3073 1403 3167 egretlien-

128 3197 224 3268 tium
252 3196 446 3281 formatas,
469 3196 506 3266 in
533 3192 779 3290 glomerulum
802 3205 1010 3291 congestas,
1041 3195 1260 3286 generantia.
1282 3189 1403 3288 Sphae-

128 3337 288 3410 rosporoe
312 3319 349 3388 in
370 3317 458 3388 soris
476 3311 636 3386 (infinitis
655 3312 708 3385 vel
724 3314 762 3387 in
786 3312 1027 3407 sporopbyllis
1051 3315 1206 3405 propriis
1229 3311 1399 3396 collecta,

127 3436 311 3530 spherica
331 3450 395 3509 aut
417 3431 595 3528 oblonga,
622 3437 718 3514 intra
738 3434 985 3529 perisporium
1006 3432 1196 3526 hyalinum
1217 3433 1254 3502 in
1279 3455 1402 3526 speras

127 3557 344 3651 4triangule
363 3567 428 3626 aut
451 3557 608 3628 zonatim
626 3554 758 3630 divisa.

357 3831 454 3878 cxxx.
476 3809 680 3880 Procnmnrr
699 3807 803 3881 Grev.
827 3805 917 3903 Alg.
936 3809 1040 3877 Brito.
1054 3831 1092 3902 p.
1120 3811 1177 3900 87.
1216 3859 1225 3878 .

129 4039 213 4131 289.
242 4035 305 4108 Pl.
326 4038 531 4110 coccineum
553 4031 615 4108 Lb.
637 4034 714 4133 Ag.
736 4059 789 4133 sp.
808 4033 887 4132 Alg.
908 4059 945 4130 p.
971 4035 1049 4106 180.

170 4181 251 4242 Hab.
263 4181 301 4242 ad
310 4201 399 4262 rupes
413 4180 599 4240 obscuriores
610 4178 786 4260 profundius
798 4177 948 4238 demersas
961 4181 1117 4254 utriusque
1129 4177 1230 4236 maris.

166 4343 170 4354 '
233 4333 323 4403 Ver.
349 4333 546 4402 Uncinatn.

181 4489 235 4564 An
250 4517 304 4588 sp.
328 4495 508 4584 distincta,
533 4499 571 4568 in
584 4495 845 4572 Merllterraneo
862 4496 941 4568 fere
960 4519 1073 4590 qnam
1090 4497 1209 4567 forma
1224 4495 1398 4591 primaria

131 4613 368 4721 frequentior.
