3386 5468
582 447 585 452 ’
700 445 895 520 -tt-

167 602 403 701 augmentum
416 601 558 674 frondis
565 599 835 696 periphericum
848 597 890 668 fit
900 598 937 668 in
951 598 1007 672 bis
1019 599 1307 674 intrautriculari
1319 579 1428 676 cellu-

126 741 129 748 '
164 723 286 796 larum
308 720 536 793 formatione.
564 717 713 791 Constet
747 741 879 813 nempe
897 717 1000 791 frons
1023 716 1169 790 cellulis
1194 719 1428 814 periphericis

165 842 304 938 magnis
314 843 324 930 ’,
333 837 511 934 pluribus
524 837 619 910 obes
630 836 797 908 cellulam
811 836 1037 932 consimilem
1048 838 1222 910 ‚radiatim
1235 839 1426 934 dispositis.

164 959 402 1034 cenulenta
414 957 559 1030 radiata
571 959 608 1028 in
621 955 745 1028 multis
758 954 946 1050 speciebus
957 956 1295 1030 intus-formatione
1312 957 1428 1030 cellu-

164 1080 283 1152 larum
300 1079 476 1150 nov'arur‘n
499 1077 675 1148 continuo
688 1088 911 1170 pregnantes
925 1087 1036 1165 sunt3
1053 1074 1213 1170 juniores
1235 1074 1373 1150 cellule
1390 1077 1426 1150 in

161 1201 313 1270 cavitate
335 1197 561 1269 adultiorum
582 1196 748 1266 formate
762 1215 906 1288 semper
920 1205 1113 1264 externum
1135 1217 1198 1266 seu
1227 1193 1430 1288 peripheri-

162 1341 248 1388 cum
260 1316 354 1389 latus
367 1327 569 1411 occupant;
583 1315 732 1386 etnoris
741 1307 876 1386 cellulis
888 1312 1066 1384 continuo
1078 1311 1255 1400 formatis,
1267 1309 1429 1406 iuniores

161 1448 339 1532 generate
362 1434 498 1508 cellule
514 1441 618 1506 antea
638 1433 809 1505 formatas
822 1453 951 1504 sersus
979 1430 1223 1526 peripheriam
1250 1431 1428 1505 continuo

161 1567 320 1650 cogunt„¹
334 1553 411 1626 lloc
431 1553 543 1625 modo
560 1563 648 1624 sunt
660 1573 801 1660 semper
812 1551 1066 1624 recentissime
1087 1541 1250 1626 formate
1265 1551 1425 1642 cellulaeq

162 1683 247 1769 q'uae
264 1675 420 1746 radiatas
440 1674 648 1746 immediate
668 1686 845 1769 tanguntz
868 1683 905 1744 et
925 1667 1028 1742 tacite
1043 1672 1093 1744 ita
1106 1672 1308 1768 explicetur
1324 1673 1427 1744 fron-

160 1792 245 1878 dem
273 1794 376 1866 initio
392 1793 617 1866 articulatam
633 1795 764 1865 sensim
785 1790 999 1865 cellularum
1016 1802 1125 1863 strato
1148 1788 1337 1885 irregulari
1355 1790 1427 1864 cir.-

159 1911 346 2001 eumden,
363 1924 398 1984 et
406 1913 567 2008 speciem
593 1912 731 1984 frondis
757 1909 995 1983 inarticulata
1013 1909 1117 1980 indui
1130 1933 1234 2004 posse
1256 1908 1320 2006 (ita
1336 1911 1427 1985 inle-

159 2035 234 2106 rior
249 2057 331 2127 pars
343 2030 506 2127 plurium
518 2032 717 2124 specierum
728 2027 1014 2128 Polysiplronioe,
1032 2043 1069 2102 et
1081 2031 1117 2101 in
1131 2031 1287 2125 generali
1299 2053 1426 2104 omues

156 2148 306 2224 frondes
321 2155 467 2249 «spuria
478 2150 715 2223 articulatae»
726 2150 843 2238 (lictae,
855 2162 942 2222 ortae
953 2150 1193 2239 sunt5eodem
1205 2149 1318 2226 modo
1330 2173 1426 2245 quo—

161 2293 235 2364 que
262 2284 501 2366 augmentum
530 2266 743 2344 cellularum
777 2271 815 2342 in
839 2272 1046 2368 muenoia
1072 2267 1151 2342 lieri
1179 2265 1423 2364 putaverim).

159 2389 301 2485 Duplex
322 2394 447 2486 itaque
468 2389 606 2464 bondis
629 2391 852 2463 increscendi
866 2389 1016 2478 madai,
1034 2385 1282 2462 llbedomeleis
1302 2385 1425 2460 clon-

158 2509 607 2612 arietequevegetationem
634 2509 792 2584 vindicat
813 2506 1210 2582 seminati-cenom
1226 2531 1291 2582 seu
1311 2505 1426 2582 endo·

156 2649 321 2724 germain.

205 2751 248 2822 Ιιι
272 2749 509 2824 Delesserieis
519 2761 555 2824 et
577 2746 915 2849 Sptamoocooideu
935 2761 1093 2844 utroque
1108 2749 1221 2822 modo
1243 2747 1326 2848 (et
1317 2761 1425 2820 rutra·

158 2829 346 2942 utriculari
357 2881 393 2942 et
405 2868 703 2964 suprautriculari
715 2867 1090 2968 formatione)cellule
1102 2895 1226 2965 augeri
1215 2867 1421 2943 ridentur.

206 2983 374 3074 cellulas,
383 3012 448 3060 seu
464 2985 536 3074 fila,
550 2989 650 3059 strati
663 2989 843 3062 interioris
854 2988 1044 3060 frondium
1054 2987 1253 3060 directione
1264 2987 1425 3084 longitu-

155 3104 268 3178 dinali
291 3103 371 3201 (seu
388 3104 560 3198 verticali)
573 3130 761 3180 excurrere
774 3107 859 3178 dixi.
876 3105 945 3178 Sed
967 3107 1036 3178 alia
1056 3130 1207 3202 quoque
1227 3107 1427 3179 directione

156 3225 216 3297 hic
236 3221 385 3296 filorum
404 3222 581 3295 verticalis
592 3225 768 3297 decu'rsus
782 3226 983 3298 combinari
997 3228 1087 3299 mihi
1099 3228 1195 3301 visus
1207 3239 1260 3298 est
1273 3250 1283 3314 3
1297 3227 1424 3298 eadam

156 3345 253 3415 euim
264 3343 448 3415 tendentia
463 3343 617 3438 spiralis,
632 3343 763 3436 quem
776 3345 972 3415 directione
984 3343 1164 3417 librarum
1177 3347 1292 3438 ipsam
1306 3369 1426 3418 mem-

155 3439 311 3535 branam
321 3462 457 3536 cellulae
472 3464 774 3535 constituentium
787 3464 1061 3536 determinanda
1076 3465 1192 3538 valida
1204 3479 1272 3553 est,
1295 3465 1424 3540 eadem

156 3604 307 3677 quoque
331 3581 499 3654 influenti
520 3583 555 3653 vi
577 3580 639 3653 fila
656 3581 735 3682 (seu
750 3581 911 3681 cellulas)
926 3585 963 3660 in
987 3586 1132 3680 spirales
1143 3641 1153 3674 ‚
1168 3586 1228 3658 sed
1247 3589 1424 3658 maximo·

156 3705 240 3796 pere
252 3703 360 3790 laxas,
371 3726 497 3796 cogere
508 3703 600 3774 mihi
612 3703 856 3797 apparuit.lta
868 3703 929 3777 fila
942 3707 1111 3779 interiora
1126 3710 1162 3779 in
1175 3703 1423 3803 Polyidauta

153 3821 851 3915 peripheriaarcu'atimversuscentrum
859 3825 1099 3911 descendunt,
1112 3824 1238 3918 ibique
1250 3823 1423 3896 cumaliis

154 3940 640 4044 contorquentur‚'spiralem
656 3942 759 4035 sequi
776 3941 1024 4027 directionem,
1043 3942 1162 4013 videre
1185 3943 1333 4014 credidi.
1353 3943 1422 4016 Sed

154 4061 336 4154 precipue
353 4059 389 4130 in
406 4056 674 4164 Polysiplronio
691 4057 939 4162 manifestatur
952 4059 1138 4132 tendentia
1162 4062 1240 4136 baec
1263 4063 1422 4158 spinalis}

153 4174 262 4252 series
274 4199 407 4282 nernpe
419 4177 925 4276 longitudinalesSiphonum,
933 4181 1421 4278 quilrondesbujusgeneris

152 4296 421 4383 constituunt,
411 4322 447 4370 m
462 4299 609 4394 spirales
622 4297 713 4403 plus
718 4301 839 4372 minus
852 4298 945 4372 laxas
960 4300 1143 4373 evidenter
1156 4301 1421 4387 ilectuntu13'·rn

151 4397 338 4522 nonnullis
351 4417 539 4520 speciebus
553 4417 659 4522 spira
668 4417 961 4494 multisarticulis
971 4423 1192 4518 percursis
1167 4432 1312 4493 tantum
1325 4446 1422 4492 com.

152 4533 343 4627 plenturs
333 4556 370 4605 m
383 4532 460 4605 aliis
477 4536 616 4647 singulo
633 4535 687 4607 rel
701 4535 849 4608 duobus
865 4537 1046 4611 articulis
1037 4563 1110 4634 pam
1134 4541 1323 4641 complete
1345 4540 1413 4639 (ex

153 4655 204 4747 gr.
217 4657 260 4724 P.
273 4631 524 4752 Agardlubna
536 4633 670 4764 Grec..)
675 4659 777 4731 -Ut
781 4659 911 4754 positio
923 4678 1143 4754 organorum
1154 4661 1372 4734 exteriorum
1385 4673 1420 4736 et

154 4771 493 4867 appendicularium
517 4795 537 4843 a
560 4775 795 4871 dispositione
812 4781 972 4874 partium
992 4780 1205 4853 interiorum
1225 4783 1421 4854 necessarie
