3386 5468
663 437 857 512 ...21-

463 699 537 773 vll.
564 698 948 774 sententiantes
972 697 1056 774 nob.
1136 744 1140 758 ·

129 900 133 906 ’
169 928 282 1002 rmus
303 927 490 1000 armatae
507 926 770 1023 puyopsma.
792 927 947 998 eructu·
973 925 1111 1020 cunei
1133 923 1203 1021 (tp
1220 915 1391 1022 mein

121 1049 272 1120 ramulis
305 1046 557 1120 terminalibus
589 1045 817 1140 sphaceliatis
839 1043 987 1140 singulte
1016 1039 1061 1140 (i)
1092 1046 1254 1139 denique
1286 1047 1393 1140 apice

119 1180 245 1262 aperto
273 1165 467 1240 elabentes.
487 1163 661 1262 Sparsura
690 1166 729 1236 in
751 1164 904 1238 ramulis
936 1165 1198 1240 trsmforrnatis
1227 1165 1393 1254 incluse,

120 1286 313 1382 saepissime
326 1309 411 1358 non
427 1286 571 1358 moiutc
591 1287 654 1358 sed
675 1309 766 1358 cum
780 1284 981 1397 perisporio
996 1285 1032 1356 in
1048 1281 1295 1381 propagulum
1313 1283 1393 1357 sin·-

121 1405 252 1502 guium
274 1405 436 1500 denique
453 1403 614 1478 solutum
633 1405 817 1480 abeuntis.

170 1523 423 1620 Negantelicet
445 1526 589 1620 optimo
611 1523 820 1618 Decaisnen,
846 1527 1166 1602 fructificationem
1191 1528 1392 1624 quamdam

120 1646 158 1716 in
176 1643 326 1737 ramulis
350 1643 579 1740 spiracellatis
603 1649 806 1737 contineri,
834 1660 958 1720 minen
976 1645 1089 1720 nullis
1107 1646 1216 1748 'luctis
1241 1647 1394 1743 quibus·

121 1785 285 1858 cumque
303 1765 559 1858 experimentis
576 1778 732 1838 veterem
756 1771 967 1864 opinionem
991 1767 1272 1863 infringentibus
1295 1766 1392 1844 hanc

122 1883 287 1978 linquere
304 1905 379 1954 nnn
397 1905 510 1957 ausus
524 1907 621 1956 sum.
636 1883 817 1975 Rationes,
835 1909 928 1984 quas
940 1887 1047 1960 affert
1065 1885 1249 1982 akologus
1262 1884 1391 1956 illustr.

122 2025 199 2076 rem
219 2014 320 2074 extra
337 2001 495 2075 dubium
514 2027 649 2098 ponere
679 2006 770 2078 mibi
791 2027 867 2076 nnn
889 2005 1076 2090 videntum
1095 2007 1126 2078 si
1145 2007 1244 2078 enim
1266 2002 1394 2076 aalide

123 2121 254 2218 forent,
274 2123 377 2192 omni
402 2134 565 2218 tempore
588 2135 624 2194 et
650 2125 687 2194 in
710 2129 813 2196 omni
830 2125 1029 2220 specimine
1057 2124 1183 2198 adhuc
1208 2134 1392 2196 crescente

122 2240 319 2332 sphacellas
336 2265 422 2312 sene
442 2243 601 2314 invenire
622 2241 970 2316 debueremmmaec
988 2265 1075 2318 tero
1093 2245 1247 2316 minime
1269 2247 1392 2316 estrei

120 2360 235 2446 rati03
255 2359 293 2430 in
319 2361 425 2432 certis
447 2361 546 2432 enim
565 2361 761 2434 individuis
783 2374 930 2437 tantum
948 2365 1208 2452 inveniuntun
1224 2377 1261 2437 et
1279 2367 1317 2438 in
1333 2365 1394 2436 di·-

121 2481 229 2550 rersis
247 2479 508 2574 speciminibus
534 2481 712 2554 diversam
739 2481 878 2554 habent
898 2482 1166 2568 evolutionem
1191 2484 1393 2579 aliqumio

122 2599 240 2693 apices
255 2599 408 2670 omnino
424 2599 572 2694 hyalini
587 2597 907 2694 Sporaspraeterea
919 2627 939 2673 e
950 2601 1140 2696 spbacellis
1152 2605 1301 2676 emissas
1313 2605 1393 2698 ipse

121 2719 213 2810 vidi3
239 2721 322 2791 licet
343 2732 466 2818 postea
490 2743 557 2814 per
580 2722 738 2816 spatium
762 2721 926 2815 plurium
945 2722 1226 2796 hebdomadum
1250 2723 1391 2798 nullam

121 2840 313 2912 subierunt
326 2842 581 2929 mutationem,
592 2841 691 2914 unde
700 2842 747 2926 de
759 2855 890 2914 notum
903 2843 1003 2915 baud
1016 2857 1138 2918 certus
1149 2863 1249 2920 sum.
1262 2843 1393 2938 lgglo-
1450 2909 1459 2924 ,

123 2961 359 3032 cierationem
374 2960 533 3034 materiae
542 2961 581 3032 in
593 2961 788 3055 sphaoettis
798 2963 1034 3036 exsiccatione
1047 2963 1208 3057 pensiore
1220 2983 1328 3060 teque
1338 2974 1393 3037 stt

122 3081 367 3166 salsissimum,
386 3093 428 3152 ut
445 3083 582 3176 cuique
604 3083 668 3156 bas
700 3083 840 3177 pientes
860 3081 954 3154 vivas
976 3081 1181 3156 obsecranti
1198 3083 1304 3156 facile
1325 3097 1394 3178 pa-

121 3199 223 3274 tebit.
591 3259 595 3269 .

171 3319 225 3390 lle
240 3331 373 3392 natura
394 3337 628 3414 organum,
663 3339 748 3414 quae
774 3321 938 3416 capsulas
969 3322 1203 3414 appellarunt
1224 3333 1394 3396 accim

120 3461 227 3534 aeque
241 3439 358 3512 dubia
374 3439 532 3524 adsunt;
555 3438 675 3512 saltim
690 3441 783 3512 mibi
793 3442 902 3536 longe
913 3441 1017 3514 aliter
1029 3441 1252 3535 explicandae
1264 3443 1394 3516 viden·-

123 3573 184 3630 tur
202 3582 246 3629 ac
270 3582 314 3629 ex
339 3558 653 3632 observationibus
685 3574 882 3652 auctorum
908 3563 1128 3637 concludere
1155 3564 1274 3636 liceat.
1301 3563 1394 3636 illibi
1420 3585 1425 3592 ·

122 3679 221 3750 enim
234 3703 308 3750 non
325 3701 440 3774 sporae
462 3702 553 3750 verae
574 3694 841 3774 apparuerunt,
865 3698 948 3776 quae
965 3693 1008 3753 ut
1026 3681 1111 3754 elias
1132 3706 1174 3753 ex
1191 3683 1393 3775 perisporio

123 3797 302 3868 elabentes
323 3797 475 3896 singulae
486 3798 672 3893 singulam
689 3791 858 3892 'pianum
876 3813 1095 3892 promoti
1117 3800 1180 3872 sed
1204 3796 1392 3891 capsulam
1530 3795 1533 3800 ’

123 3919 173 3992 sic
195 3920 334 3992 dictam
351 3919 432 4014 jam,
450 3920 488 3991 in
502 3921 624 4015 plenta
646 3923 754 3992 matri
770 3918 991 3990 articulatim
1015 3915 1145 4006 dividi,
1168 3929 1204 3988 et
1219 3914 1323 4013 (curn
1340 3919 1394 3990 in·

123 4041 294 4138 eludente
306 4025 536 4142 membrana)
554 4039 717 4134 denique
731 4030 909 4132 integram
923 4035 1118 4132 segregati,
1134 4047 1246 4132 atque
1258 4053 1393 4110 novam

122 4161 285 4256 plantam
302 4181 402 4230 mera
415 4155 621 4232 evolutione
641 4159 802 4255 partium
814 4153 890 4251 jain
900 4155 1131 4227 existentium
1152 4152 1302 4227 formari
1314 4177 1395 4227 cre-

123 4280 292 4352 diderim.
310 4276 413 4352 lianc
428 4279 641 4374 opinionem
652 4280 895 4376 sequentibus
906 4279 1283 4354 inionibus-anama.
1304 4279 1393 4350 1⁰ln

123 4397 208 4498 epto
216 4397 383 4496 filicr‘na,
403 4420 486 4492 quae
502 4399 667 4495 capsulas
687 4401 726 4472 in
744 4400 850 4474 axilla
873 4399 1103 4474 ramulorum
1122 4400 1256 4474 sessiles
1280 4411 1316 4470 et
1335 4409 1398 4472 sat-

123 4537 272 4619 magnas
289 4522 395 4614 gerit,
411 4521 519 4594 telem
538 4521 698 4596 rncmriae
714 4524 864 4596 internae
882 4521 1097 4594 divisionem
1110 4521 1394 4596 mariammes

126 4641 203 4712 didi
230 4639 506 4736 (capsuliieram
535 4665 728 4739 nunquam
743 4645 919 4717 virentem
941 4639 1039 4739 ridi).
1063 4643 1150 4714 c⁰ln
1174 4637 1258 4737 Splz.
1279 4637 1395 4716 tribra-
