3378 5464
781 397 999 492 ..440-

253 549 355 622 Licet
376 551 500 646 itaque
523 552 638 624 multo
667 548 809 622 firmior
822 553 1004 652 quamP.
1019 548 1210 650 fibrillosa
1244 569 1368 628 tamen
1380 560 1529 634 articuli

253 665 501 760 dementiores,
514 684 549 743 ct
562 673 671 743 etiam
686 672 723 742 in
735 675 846 744 ramis
863 671 1062 767 majoribus
1078 673 1342 770 distinguendi3
1354 679 1529 771 siphones

233 833 235 837 v
255 815 404 886 quoquc
421 796 531 888 magis
545 793 717 864 distantes
741 792 833 864 tubo
854 793 999 888 hyalino
1015 794 1133 868 latiori
1144 794 1291 886 inclusi,
1308 809 1348 870 et
1364 797 1531 892 genicula

258 916 406 1006 saepius,
425 914 545 1004 saltim
562 914 599 982 in
612 915 799 999 exsiccata,
810 912 944 986 elevata
956 927 1053 986 sunt.

256 1113 339 1185 258.
353 1113 399 1184 P.
414 1116 561 1210 spinosa
570 1109 654 1184 nob.
669 1111 732 1182 filo
745 1113 918 1206 primario
927 1112 1141 1184 dichotomo
1154 1115 1338 1208 ramisque
1349 1117 1533 1187 intricato-

303 1235 501 1324 divaricatis
519 1232 699 1305 continuis
726 1233 834 1304 dense
859 1233 1063 1321 ramulosis,
1080 1234 1231 1306 ramulis
1257 1235 1533 1329 spinilormibus

303 1353 533 1440 verticalibus
548 1351 956 1425 divaricato-multifidis
973 1354 1238 1459 subcontinuis.

355 1579 578 1652 Rhodomela
601 1585 749 1677 spinosa
769 1579 848 1679 Ag.
868 1598 956 1682 syst.
983 1584 1076 1681 Alg.
1092 1609 1128 1680 p.
1158 1606 1227 1657 aoo
1240 1583 1273 1654 ll
1307 1567 1535 1658 Hutclrinsia

304 1705 535 1774 Ranieriaua
547 1699 712 1773 Zonard.
727 1708 834 1776 Mem.
847 1726 930 1774 cum
928 1703 1002 1801 fig.
1016 1703 1030 1800 (
1031 1703 1116 1802 fide
1129 1727 1183 1801 sp.
1199 1702 1310 1801 datii)

296 1892 375 1952 llab.
392 1893 422 1949 in
439 1893 515 1951 mari
530 1891 696 1962 Adriatico;
712 1894 742 1951 in
758 1891 843 1950 littus
857 1893 1052 1952 venetiorum
1064 1893 1205 1972 rejectam
1218 1889 1289 1970 legi.

306 2039 334 2110 A
358 2041 584 2134 praecedente
599 2038 719 2113 differt
742 2039 812 2112 filis
832 2040 1068 2134 crassioribus
1091 2042 1203 2136 magis
1223 2040 1450 2136 divergenter
1474 2065 1533 2111 ra-

257 2162 366 2232 mosis
377 2184 474 2254 saepc
489 2161 646 2233 recurvis
662 2173 699 2232 et
711 2163 897 2250 intricatis,
914 2162 1064 2233 ramulis
1077 2164 1189 2257 magis
1202 2166 1427 2258 compositis,
1445 2187 1528 2234 om·-

257 2280 368 2352 nibus
399 2282 592 2377 spinulosis
620 2295 656 2352 et
682 2283 841 2353 articulis
872 2284 945 2354 sere
967 2307 1154 2378 nusquam
1181 2267 1460 2378 distinguendis.
1490 2285 1533 2355 In

259 2402 397 2482 ultimis
412 2400 657 2490 ramulis,nhi
672 2402 871 2497 aliquando
891 2404 1142 2504 distinguntur
1161 2405 1326 2494 articuli,
1351 2405 1532 2478 diametro

258 2525 415 2618 aequalcs
427 2525 597 2598 videntur
608 2536 644 2595 et
659 2523 717 2614 5-4
728 2526 859 2598 venosi.
1081 2613 1083 2617 ι

305 2647 448 2718 Nomen
472 2647 680 2716 amicissimi
703 2645 910 2716 Zanardinii
930 2645 1118 2718 lubentius
1138 2647 1385 2730 retinueram,
1410 2669 1532 2738 quum

213 2843 217 2847 ,
257 2790 341 2839 vcro
354 2766 408 2835 lex
422 2767 617 2860 prioritatis
629 2789 729 2835 nunc
744 2768 919 2858 temporis
933 2768 1035 2838 omni
1049 2767 1117 2837 alia
1132 2767 1424 2837 consideratione
1435 2777 1536 2836 ante·

260 2892 429 2983 ponitur,
450 2886 593 2981 jamdiu
607 2885 741 2978 plantae
755 2886 885 2959 datum
899 2887 1188 2959 conservandum
1209 2887 1357 2958 credidi.
1376 2887 1448 2958 Nec
1461 2887 1534 2956 boc

258 3013 427 3104 ineptum
442 3032 449 3075 :
470 3020 513 3080 ut
524 3031 661 3078 nomen
674 3007 709 3077 P.
722 3007 924 3103 spinulosoe
933 3009 983 3078 ita
997 3007 1119 3102 planta
1132 3020 1186 3079 est
1198 3008 1302 3100 quasi
1311 3009 1359 3080 P.
1375 3011 1535 3104 spinuroe

258 3128 615 3202 iormadiminutiva.
1067 3120 1072 3128 ’

260 3305 345 3400 259:
362 3305 403 3374 P.
409 3303 570 3403 flocello
581 3301 656 3402 Ag.
669 3327 722 3402 sp.
732 3330 770 3401 p.
788 3306 834 3374 63
847 3328 854 3374 :
866 3301 929 3375 fito
942 3304 1116 3398 primario
1132 3302 1307 3371 continuo
1319 3303 1428 3374 ramis
1441 3303 1530 3374 late-

307 3425 442 3496 ralibus
466 3425 716 3496 conformibus
737 3425 969 3519 pyramidato
991 3423 1175 3517 densaque
1196 3422 1400 3512 ramuloso,
1422 3427 1531 3514 ramis

306 3544 513 3640 junioribus
524 3545 697 3618 tenuibus
710 3546 804 3616 inter
822 3544 1011 3639 penicillos
1029 3541 1191 3618 laterales
1203 3542 1434 3614 densissimos
1446 3545 1534 3618 bor-

260 3675 261 3684 ’
306 3689 389 3738 sum
403 3688 547 3736 versum
561 3665 730 3737 flexuosis
742 3720 752 3753 ,
768 3641 1014 3736 adultioribus
1027 3663 1177 3735 ramulis
1190 3663 1467 3756 spinisormibus
1480 3665 1534 3735 la-

259 3789 264 3794 ’
306 3787 478 3858 toralibus
506 3778 732 3882 simplicibus
767 3788 821 3857 vel
856 3784 1048 3880 spinulosis
1075 3797 1112 3856 ct
1134 3771 1385 3878 penicilligeris
1421 3786 1533 3858 deuse

238 3976 241 3986 ,
306 3907 462 3992 vestitis,
489 3907 651 3982 articulis
676 3931 866 3986 ramorum
883 3907 1070 3993 obsoletis,
1090 3905 1327 3978 ramulorum
1349 3905 1530 3990 diaurctro

308 4017 742 4119 subduplobrerioribus.
870 4015 874 4030 ⁸

237 4261 238 4268 χ
301 4192 381 4253 Hab.
392 4193 423 4257 ni
438 4193 534 4266 lallor,
550 4197 581 4253 in
596 4193 745 4254 radicibus
760 4195 931 4254 Posidonia
946 4196 1114 4275 parasitico,
1128 4195 1158 4252 in
1174 4191 1527 4273 mariGalloprovinciae3

258 4315 332 4356 cum.
342 4295 455 4356 Solicro
471 4298 507 4356 ad
522 4299 687 4360 Massiliam
701 4301 844 4378 rejectam
856 4301 924 4380 legi.

253 4483 256 4490 ι
300 4449 419 4526 Caespes
432 4447 490 4512 3-lr
503 4447 655 4525 polliceris
670 4450 781 4508 recenti
797 4457 875 4508 statu
890 4449 928 4509 ob
945 4450 1101 4530 penicillos
1116 4467 1151 4507 ex
1167 4451 1372 4526 atro-griseus,
1388 4450 1421 4506 in
1436 4450 1530 4508 exsic-

260 4561 326 4610 cata
350 4553 473 4611 omnino
493 4555 653 4629 nigricans,
669 4553 835 4618 secundum
850 4564 968 4616 atatem
986 4564 1120 4614 ceterum
1135 4563 1269 4632 aspectus
1285 4570 1468 4634 magnopere
1484 4551 1531 4610 di-

242 4723 245 4731 ,
260 4671 360 4716 versos
375 4655 510 4720 offerens.
