<?xml version="1.0" encoding="UTF-8"?>
<!DOCTYPE html PUBLIC "-//W3C//DTD XHTML 1.0 Transitional//EN"
    "http://www.w3.org/TR/xhtml1/DTD/xhtml1-transitional.dtd">
<html xmlns="http://www.w3.org/1999/xhtml" xml:lang="en" lang="en">
 <head>
  <title>
</title>
<meta http-equiv="Content-Type" content="text/html;charset=utf-8" />
  <meta name='ocr-system' content='tesseract 3.04.00' />
  <meta name='ocr-capabilities' content='ocr_page ocr_carea ocr_par ocr_line ocrx_word'/>
</head>
<body>
  <div class='ocr_page' id='page_1' title='image "./algaemarismedit00agargoog_0102.png"; bbox 0 0 3378 5464; ppageno 0'>
   <div class='ocr_carea' id='block_1_1' title="bbox 722 463 911 531">
    <p class='ocr_par' dir='ltr' id='par_1_1' title="bbox 722 463 911 531">
     <span class='ocr_line' id='line_1_1' title="bbox 722 463 911 531; baseline -0.016 -17"><span class='ocrx_word' id='word_1_1' title='bbox 722 463 911 531; x_wconf 76' lang='lat'>..35-</span> 
     </span>
    </p>
   </div>
   <div class='ocr_carea' id='block_1_2' title="bbox 160 599 1494 4895">
    <p class='ocr_par' dir='ltr' id='par_1_2' title="bbox 174 599 1446 700">
     <span class='ocr_line' id='line_1_2' title="bbox 174 599 1446 700; baseline 0 -24"><span class='ocrx_word' id='word_1_2' title='bbox 174 619 210 676; x_wconf 88' lang='lat' dir='ltr'><em>et</em></span> <span class='ocrx_word' id='word_1_3' title='bbox 221 605 326 700; x_wconf 91' lang='lat' dir='ltr'><em>quasi</em></span> <span class='ocrx_word' id='word_1_4' title='bbox 336 605 589 698; x_wconf 85' lang='lat' dir='ltr'><em>gelatincsum,</em></span> <span class='ocrx_word' id='word_1_5' title='bbox 606 605 710 674; x_wconf 88' lang='lat' dir='ltr'><em>estin</em></span> <span class='ocrx_word' id='word_1_6' title='bbox 725 599 968 698; x_wconf 84' lang='lat' dir='ltr'><em>Dudresnaja</em></span> <span class='ocrx_word' id='word_1_7' title='bbox 983 615 1092 673; x_wconf 91' lang='lat' dir='ltr'><em>tenue</em></span> <span class='ocrx_word' id='word_1_8' title='bbox 1106 614 1141 673; x_wconf 92' lang='lat' dir='ltr'><em>et</em></span> <span class='ocrx_word' id='word_1_9' title='bbox 1156 626 1278 696; x_wconf 86' lang='lat' dir='ltr'><em>speras</em></span> <span class='ocrx_word' id='word_1_10' title='bbox 1292 605 1446 676; x_wconf 90' lang='lat' dir='ltr'><em>arctissi-</em></span> 
     </span>
    </p>

    <p class='ocr_par' dir='ltr' id='par_1_3' title="bbox 170 713 1446 820">
     <span class='ocr_line' id='line_1_3' title="bbox 170 713 1446 820; baseline -0.002 -23"><span class='ocrx_word' id='word_1_11' title='bbox 170 713 233 797; x_wconf 85' lang='lat' dir='ltr'><em>me</em></span> <span class='ocrx_word' id='word_1_12' title='bbox 247 727 402 817; x_wconf 84' lang='lat' dir='ltr'><em>cingens,</em></span> <span class='ocrx_word' id='word_1_13' title='bbox 416 735 457 795; x_wconf 87' lang='lat' dir='ltr'><em>ut</em></span> <span class='ocrx_word' id='word_1_14' title='bbox 472 727 507 794; x_wconf 89' lang='lat' dir='ltr'><em>iu</em></span> <span class='ocrx_word' id='word_1_15' title='bbox 520 725 783 820; x_wconf 78' lang='lat' dir='ltr'><em>Cryptoaemeic</em></span> <span class='ocrx_word' id='word_1_16' title='bbox 792 721 979 791; x_wconf 89' lang='lat' dir='ltr'><em>omnibus.</em></span> <span class='ocrx_word' id='word_1_17' title='bbox 995 759 1045 774; x_wconf 90' lang='lat'><em>--</em></span> <span class='ocrx_word' id='word_1_18' title='bbox 1058 720 1202 817; x_wconf 83' lang='lat' dir='ltr'>Organa</span> <span class='ocrx_word' id='word_1_19' title='bbox 1222 745 1306 816; x_wconf 85' lang='lat' dir='ltr'><em>quae</em></span> <span class='ocrx_word' id='word_1_20' title='bbox 1318 722 1446 816; x_wconf 83' lang='lat' dir='ltr'><em>sphae-</em></span> 
     </span>
    </p>

    <p class='ocr_par' dir='ltr' id='par_1_4' title="bbox 170 841 1447 1162">
     <span class='ocr_line' id='line_1_4' title="bbox 173 841 1446 940; baseline -0.002 -23"><span class='ocrx_word' id='word_1_21' title='bbox 173 869 339 938; x_wconf 84' lang='lat' dir='ltr'><em>resperas</em></span> <span class='ocrx_word' id='word_1_22' title='bbox 363 844 539 940; x_wconf 88' lang='lat' dir='ltr'><em>appellavi</em></span> <span class='ocrx_word' id='word_1_23' title='bbox 553 857 694 913; x_wconf 87' lang='lat' dir='ltr'><em>naturae</em></span> <span class='ocrx_word' id='word_1_24' title='bbox 711 843 823 913; x_wconf 87' lang='lat' dir='ltr'><em>dubia</em></span> <span class='ocrx_word' id='word_1_25' title='bbox 836 841 929 911; x_wconf 86' lang='lat' dir='ltr'><em>mihi</em></span> <span class='ocrx_word' id='word_1_26' title='bbox 945 854 1051 925; x_wconf 84' lang='lat' dir='ltr'><em>suut3</em></span> <span class='ocrx_word' id='word_1_27' title='bbox 1071 854 1265 922; x_wconf 86' lang='lat' dir='ltr'><em>contentus</em></span> <span class='ocrx_word' id='word_1_28' title='bbox 1279 845 1446 914; x_wconf 89' lang='lat' dir='ltr'><em>internus</em></span> 
     </span>
     <span class='ocr_line' id='line_1_5' title="bbox 172 963 1447 1058; baseline -0.002 -21"><span class='ocrx_word' id='word_1_29' title='bbox 172 968 308 1037; x_wconf 83' lang='lat' dir='ltr'><em>divisus</em></span> <span class='ocrx_word' id='word_1_30' title='bbox 335 965 425 1036; x_wconf 87' lang='lat' dir='ltr'><em>mibi</em></span> <span class='ocrx_word' id='word_1_31' title='bbox 451 967 633 1058; x_wconf 86' lang='lat' dir='ltr'><em>apparuit,</em></span> <span class='ocrx_word' id='word_1_32' title='bbox 666 963 728 1034; x_wconf 89' lang='lat' dir='ltr'><em>sed</em></span> <span class='ocrx_word' id='word_1_33' title='bbox 763 986 837 1033; x_wconf 90' lang='lat' dir='ltr'><em>non</em></span> <span class='ocrx_word' id='word_1_34' title='bbox 858 963 1071 1056; x_wconf 83' lang='lat' dir='ltr'>regulariter</span> <span class='ocrx_word' id='word_1_35' title='bbox 1099 965 1136 1034; x_wconf 91' lang='lat' dir='ltr'><em>in</em></span> <span class='ocrx_word' id='word_1_36' title='bbox 1161 976 1281 1057; x_wconf 90' lang='lat' dir='ltr'><em>partes</em></span> <span class='ocrx_word' id='word_1_37' title='bbox 1306 965 1330 1053; x_wconf 73' lang='grc'><strong>4</strong></span> <span class='ocrx_word' id='word_1_38' title='bbox 1354 964 1447 1036; x_wconf 87' lang='lat' dir='ltr'><em>dila·</em></span> 
     </span>
     <span class='ocr_line' id='line_1_6' title="bbox 170 1067 1313 1162; baseline -0.01 -4"><span class='ocrx_word' id='word_1_39' title='bbox 170 1084 640 1158; x_wconf 83' lang='lat' dir='ltr'><em>beus-aninitiatantum</em></span> <span class='ocrx_word' id='word_1_40' title='bbox 657 1067 863 1155; x_wconf 73' lang='lat' dir='ltr'><em>l&#39;arellidii?</em></span> <span class='ocrx_word' id='word_1_41' title='bbox 1311 1156 1313 1162; x_wconf 14' lang='lat'><strong>¹</strong></span> 
     </span>
    </p>

    <p class='ocr_par' dir='ltr' id='par_1_5' title="bbox 167 1204 1451 2117">
     <span class='ocr_line' id='line_1_7' title="bbox 220 1204 1451 1300; baseline 0 -22"><span class='ocrx_word' id='word_1_42' title='bbox 220 1207 350 1280; x_wconf 83' lang='lat' dir='ltr'><em>Praeter</em></span> <span class='ocrx_word' id='word_1_43' title='bbox 364 1208 522 1300; x_wconf 90' lang='lat' dir='ltr'><em>speciem</em></span> <span class='ocrx_word' id='word_1_44' title='bbox 536 1217 760 1298; x_wconf 84' lang='lat' dir='ltr'>sequentem,</span> <span class='ocrx_word' id='word_1_45' title='bbox 770 1205 821 1276; x_wconf 89' lang='lat' dir='ltr'><em>D.</em></span> <span class='ocrx_word' id='word_1_46' title='bbox 837 1208 1043 1276; x_wconf 80' lang='lat' dir='ltr'><em>coccineam</em></span> <span class='ocrx_word' id='word_1_47' title='bbox 1056 1210 1115 1276; x_wconf 85' lang='lat' dir='ltr'><em>Cr.</em></span> <span class='ocrx_word' id='word_1_48' title='bbox 1140 1218 1177 1278; x_wconf 90' lang='lat' dir='ltr'><em>et</em></span> <span class='ocrx_word' id='word_1_49' title='bbox 1194 1204 1247 1276; x_wconf 83' lang='lat' dir='ltr'><em>D.</em></span> <span class='ocrx_word' id='word_1_50' title='bbox 1268 1204 1451 1292; x_wconf 82' lang='lat' dir='ltr'><em>divarica-</em></span> 
     </span>
     <span class='ocr_line' id='line_1_8' title="bbox 170 1322 1449 1424; baseline 0 -22"><span class='ocrx_word' id='word_1_51' title='bbox 170 1342 246 1402; x_wconf 83' lang='lat' dir='ltr'><em>tam</em></span> <span class='ocrx_word' id='word_1_52' title='bbox 258 1326 364 1424; x_wconf 86' lang='lat' dir='ltr'><em>(Mes.</em></span> <span class='ocrx_word' id='word_1_53' title='bbox 378 1325 584 1398; x_wconf 74' lang='lat' dir='ltr'><em>divaricata</em></span> <span class='ocrx_word' id='word_1_54' title='bbox 597 1324 750 1422; x_wconf 81' lang='lat' dir='ltr'><em>Ag.‚·m</em></span> <span class='ocrx_word' id='word_1_55' title='bbox 761 1322 936 1396; x_wconf 83' lang='lat' dir='ltr'><em>Hudsoni</em></span> <span class='ocrx_word' id='word_1_56' title='bbox 945 1322 1051 1396; x_wconf 72' lang='lat' dir='ltr'><em>Aac</em></span> <span class='ocrx_word' id='word_1_57' title='bbox 1059 1322 1327 1422; x_wconf 81' lang='lat' dir='ltr'><em>Angl.)generi</em></span> <span class='ocrx_word' id='word_1_58' title='bbox 1333 1327 1449 1401; x_wconf 83' lang='lat' dir='ltr'><em>adnu-</em></span> 
     </span>
     <span class='ocr_line' id='line_1_9' title="bbox 170 1440 1448 1550; baseline 0 -30"><span class='ocrx_word' id='word_1_59' title='bbox 170 1473 282 1520; x_wconf 89' lang='lat' dir='ltr'><em>mero.</em></span> <span class='ocrx_word' id='word_1_60' title='bbox 313 1447 476 1518; x_wconf 84' lang='lat' dir='ltr'><em>Hancad</em></span> <span class='ocrx_word' id='word_1_61' title='bbox 504 1448 737 1517; x_wconf 70' lang='lat' dir='ltr'><em>Dalmatiam</em></span> <span class='ocrx_word' id='word_1_62' title='bbox 759 1445 908 1550; x_wconf 86' lang='lat' dir='ltr'><em>relatam</em></span> <span class='ocrx_word' id='word_1_63' title='bbox 937 1445 1065 1518; x_wconf 81' lang='lat' dir='ltr'><em>rolant</em></span> <span class='ocrx_word' id='word_1_64' title='bbox 1101 1440 1173 1517; x_wconf 87' lang='lat' dir='ltr'><em>Cel.</em></span> <span class='ocrx_word' id='word_1_65' title='bbox 1193 1445 1356 1538; x_wconf 84' lang='lat' dir='ltr'><em>Gronau,</em></span> <span class='ocrx_word' id='word_1_66' title='bbox 1384 1449 1448 1520; x_wconf 87' lang='lat' dir='ltr'><em>sad</em></span> 
     </span>
     <span class='ocr_line' id='line_1_10' title="bbox 169 1559 1447 1660; baseline 0 -20"><span class='ocrx_word' id='word_1_67' title='bbox 169 1580 353 1660; x_wconf 72' lang='lat' dir='ltr'><em>structura</em></span> <span class='ocrx_word' id='word_1_68' title='bbox 374 1568 617 1654; x_wconf 83' lang='lat' dir='ltr'><em>aDamontia,</em></span> <span class='ocrx_word' id='word_1_69' title='bbox 641 1567 748 1659; x_wconf 88' lang='lat' dir='ltr'><em>quale</em></span> <span class='ocrx_word' id='word_1_70' title='bbox 767 1591 788 1635; x_wconf 85' lang='lat' dir='ltr'><em>a</em></span> <span class='ocrx_word' id='word_1_71' title='bbox 811 1559 965 1635; x_wconf 78' lang='lat' dir='ltr'><em>Grerille</em></span> <span class='ocrx_word' id='word_1_72' title='bbox 981 1564 1054 1636; x_wconf 91' lang='lat' dir='ltr'><em>hoc</em></span> <span class='ocrx_word' id='word_1_73' title='bbox 1067 1589 1183 1660; x_wconf 80' lang='lat' dir='ltr'><em>genus</em></span> <span class='ocrx_word' id='word_1_74' title='bbox 1199 1569 1447 1640; x_wconf 89' lang='lat' dir='ltr'><em>constitutum</em></span> 
     </span>
     <span class='ocr_line' id='line_1_11' title="bbox 168 1685 1445 1782; baseline 0.003 -24"><span class='ocrx_word' id='word_1_75' title='bbox 168 1687 251 1773; x_wconf 88' lang='lat' dir='ltr'><em>luit,</em></span> <span class='ocrx_word' id='word_1_76' title='bbox 262 1688 369 1782; x_wconf 84' lang='lat' dir='ltr'><em>longe</em></span> <span class='ocrx_word' id='word_1_77' title='bbox 380 1687 527 1772; x_wconf 80' lang='lat' dir='ltr'><em>recedit,</em></span> <span class='ocrx_word' id='word_1_78' title='bbox 540 1697 577 1756; x_wconf 86' lang='lat' dir='ltr'><em>et</em></span> <span class='ocrx_word' id='word_1_79' title='bbox 588 1709 675 1756; x_wconf 91' lang='lat' dir='ltr'><em>cum</em></span> <span class='ocrx_word' id='word_1_80' title='bbox 687 1685 948 1756; x_wconf 85' lang='lat' dir='ltr'><em>lrondeadulta</em></span> <span class='ocrx_word' id='word_1_81' title='bbox 964 1693 1012 1758; x_wconf 80' lang='lat' dir='ltr'><em>J).</em></span> <span class='ocrx_word' id='word_1_82' title='bbox 1026 1691 1208 1760; x_wconf 75' lang='lat' dir='ltr'><em>coccineae</em></span> <span class='ocrx_word' id='word_1_83' title='bbox 1223 1689 1445 1762; x_wconf 83' lang='lat' dir='ltr'><em>inomnibue</em></span> 
     </span>
     <span class='ocr_line' id='line_1_12' title="bbox 168 1804 1446 1904; baseline 0.001 -24"><span class='ocrx_word' id='word_1_84' title='bbox 168 1810 346 1880; x_wconf 85' lang='lat' dir='ltr'><em>convenit.</em></span> <span class='ocrx_word' id='word_1_85' title='bbox 371 1805 612 1904; x_wconf 83' lang='lat' dir='ltr'><em>Mesogloiam</em></span> <span class='ocrx_word' id='word_1_86' title='bbox 636 1827 858 1902; x_wconf 73' lang='lat' dir='ltr'><em>purpuream</em></span> <span class='ocrx_word' id='word_1_87' title='bbox 890 1804 1005 1904; x_wconf 49' lang='grc' dir='ltr'><em>(ἕνῃ.</em></span> <span class='ocrx_word' id='word_1_88' title='bbox 1031 1809 1194 1903; x_wconf 82' lang='lat' dir='ltr'><em>plantam</em></span> <span class='ocrx_word' id='word_1_89' title='bbox 1221 1811 1277 1879; x_wconf 90' lang='lat' dir='ltr'><em>sui</em></span> <span class='ocrx_word' id='word_1_90' title='bbox 1305 1812 1446 1902; x_wconf 83' lang='lat' dir='ltr'><em>generis</em></span> 
     </span>
     <span class='ocr_line' id='line_1_13' title="bbox 167 1924 1445 2027; baseline 0.005 -31"><span class='ocrx_word' id='word_1_91' title='bbox 167 1929 398 2014; x_wconf 84' lang='lat' dir='ltr'><em>crediderim,</em></span> <span class='ocrx_word' id='word_1_92' title='bbox 415 1927 461 1998; x_wconf 85' lang='lat' dir='ltr'><em>ad</em></span> <span class='ocrx_word' id='word_1_93' title='bbox 475 1924 679 1998; x_wconf 79' lang='lat' dir='ltr'><em>&#39;Naualion</em></span> <span class='ocrx_word' id='word_1_94' title='bbox 701 1929 822 2018; x_wconf 90' lang='lat' dir='ltr'><em>potius</em></span> <span class='ocrx_word' id='word_1_95' title='bbox 845 1952 959 2020; x_wconf 86' lang='lat' dir='ltr'><em>quam</em></span> <span class='ocrx_word' id='word_1_96' title='bbox 976 1927 1445 2027; x_wconf 83' lang='lat' dir='ltr'><em>Dndrecnajamacccden-</em></span> 
     </span>
     <span class='ocr_line' id='line_1_14' title="bbox 168 2061 253 2117; baseline -0.012 -1"><span class='ocrx_word' id='word_1_97' title='bbox 168 2061 253 2117; x_wconf 84' lang='lat' dir='ltr'><em>tem.</em></span> 
     </span>
    </p>

    <p class='ocr_par' dir='ltr' id='par_1_6' title="bbox 172 2163 1494 2753">
     <span class='ocr_line' id='line_1_15' title="bbox 172 2163 1447 2269; baseline 0.008 -34"><span class='ocrx_word' id='word_1_98' title='bbox 172 2167 249 2238; x_wconf 83' lang='lat'><strong>166.</strong></span> <span class='ocrx_word' id='word_1_99' title='bbox 275 2185 314 2246; x_wconf 81' lang='lat' dir='ltr'><em>D.</em></span> <span class='ocrx_word' id='word_1_100' title='bbox 335 2163 571 2263; x_wconf 63' lang='lat' dir='ltr'><em>purpurffcra</em></span> <span class='ocrx_word' id='word_1_101' title='bbox 588 2190 665 2237; x_wconf 79' lang='lat' dir='ltr'><em>nov.</em></span> <span class='ocrx_word' id='word_1_102' title='bbox 689 2189 740 2260; x_wconf 83' lang='lat' dir='ltr'><em>sp.</em></span> <span class='ocrx_word' id='word_1_103' title='bbox 759 2169 914 2248; x_wconf 84' lang='lat' dir='ltr'><em>:lronde</em></span> <span class='ocrx_word' id='word_1_104' title='bbox 932 2171 1128 2264; x_wconf 88' lang='lat' dir='ltr'><em>cylindriea</em></span> <span class='ocrx_word' id='word_1_105' title='bbox 1152 2174 1261 2243; x_wconf 86' lang='lat' dir='ltr'><em>ramis</em></span> <span class='ocrx_word' id='word_1_106' title='bbox 1284 2177 1447 2269; x_wconf 81' lang='lat' dir='ltr'><em>pyrami-</em></span> 
     </span>
     <span class='ocr_line' id='line_1_16' title="bbox 216 2265 1446 2385; baseline 0.005 -27"><span class='ocrx_word' id='word_1_107' title='bbox 216 2265 308 2359; x_wconf 81' lang='lat' dir='ltr'><em>datis</em></span> <span class='ocrx_word' id='word_1_108' title='bbox 323 2287 533 2358; x_wconf 83' lang='lat' dir='ltr'><em>densissime</em></span> <span class='ocrx_word' id='word_1_109' title='bbox 551 2286 686 2374; x_wconf 86' lang='lat' dir='ltr'><em>obsita,</em></span> <span class='ocrx_word' id='word_1_110' title='bbox 702 2288 852 2358; x_wconf 87' lang='lat' dir='ltr'><em>ramulis</em></span> <span class='ocrx_word' id='word_1_111' title='bbox 877 2291 1127 2364; x_wconf 78' lang='lat' dir='ltr'><em>conformibus</em></span> <span class='ocrx_word' id='word_1_112' title='bbox 1146 2291 1231 2384; x_wconf 91' lang='lat' dir='ltr'><em>plus</em></span> <span class='ocrx_word' id='word_1_113' title='bbox 1246 2295 1370 2385; x_wconf 83' lang='lat' dir='ltr'><em>minus</em></span> <span class='ocrx_word' id='word_1_114' title='bbox 1386 2318 1446 2364; x_wconf 88' lang='lat' dir='ltr'><em>ra-</em></span> 
     </span>
     <span class='ocr_line' id='line_1_17' title="bbox 215 2405 1494 2500; baseline 0.006 -22"><span class='ocrx_word' id='word_1_115' title='bbox 215 2405 1445 2500; x_wconf 83' lang='lat' dir='ltr'><em>mulosis,filisperipbericisramulorumverticillatisbasitricboto-</em></span> <span class='ocrx_word' id='word_1_116' title='bbox 1492 2482 1494 2486; x_wconf 85' lang='lat'>.</span> 
     </span>
     <span class='ocr_line' id='line_1_18' title="bbox 215 2524 1444 2626; baseline 0.006 -29"><span class='ocrx_word' id='word_1_117' title='bbox 215 2528 283 2598; x_wconf 89' lang='lat' dir='ltr'><em>mis</em></span> <span class='ocrx_word' id='word_1_118' title='bbox 296 2550 453 2620; x_wconf 89' lang='lat' dir='ltr'><em>superne</em></span> <span class='ocrx_word' id='word_1_119' title='bbox 464 2524 697 2612; x_wconf 89' lang='lat' dir='ltr'><em>dichotomis,</em></span> <span class='ocrx_word' id='word_1_120' title='bbox 709 2527 870 2598; x_wconf 86' lang='lat' dir='ltr'><em>articulis</em></span> <span class='ocrx_word' id='word_1_121' title='bbox 881 2529 1098 2623; x_wconf 89' lang='lat' dir='ltr'><em>ellipsoideis</em></span> <span class='ocrx_word' id='word_1_122' title='bbox 1112 2531 1292 2602; x_wconf 86' lang='lat' dir='ltr'><em>diametro</em></span> <span class='ocrx_word' id='word_1_123' title='bbox 1305 2531 1444 2626; x_wconf 88' lang='lat' dir='ltr'><em>duplo-</em></span> 
     </span>
     <span class='ocr_line' id='line_1_19' title="bbox 214 2637 1275 2753; baseline 0 -33"><span class='ocrx_word' id='word_1_124' title='bbox 214 2647 448 2743; x_wconf 81' lang='lat' dir='ltr'><em>lcngioribus.</em></span> <span class='ocrx_word' id='word_1_125' title='bbox 870 2637 873 2642; x_wconf 40' lang='lat'>⁵</span> <span class='ocrx_word' id='word_1_126' title='bbox 971 2744 973 2753; x_wconf 28' lang='grc' dir='ltr'>Ι</span> <span class='ocrx_word' id='word_1_127' title='bbox 1267 2647 1275 2654; x_wconf 69' lang='grc'><strong>“</strong></span> 
     </span>
    </p>

    <p class='ocr_par' dir='ltr' id='par_1_7' title="bbox 162 2781 1442 3068">
     <span class='ocr_line' id='line_1_20' title="bbox 204 2781 1442 2854; baseline 0.005 -10"><span class='ocrx_word' id='word_1_128' title='bbox 204 2783 282 2844; x_wconf 88' lang='lat' dir='ltr'><em>Hab.</em></span> <span class='ocrx_word' id='word_1_129' title='bbox 300 2785 332 2840; x_wconf 87' lang='lat' dir='ltr'><em>ia</em></span> <span class='ocrx_word' id='word_1_130' title='bbox 348 2783 476 2842; x_wconf 84' lang='lat' dir='ltr'><em>sinubus</em></span> <span class='ocrx_word' id='word_1_131' title='bbox 486 2781 724 2854; x_wconf 87' lang='lat' dir='ltr'><em>obscurioribus,</em></span> <span class='ocrx_word' id='word_1_132' title='bbox 741 2803 758 2841; x_wconf 88' lang='lat' dir='ltr'><em>a</em></span> <span class='ocrx_word' id='word_1_133' title='bbox 773 2782 992 2844; x_wconf 85' lang='lat' dir='ltr'><em>vehementiori</em></span> <span class='ocrx_word' id='word_1_134' title='bbox 1005 2788 1082 2847; x_wconf 86' lang='lat' dir='ltr'><em>mari</em></span> <span class='ocrx_word' id='word_1_135' title='bbox 1097 2789 1159 2844; x_wconf 86' lang='lat' dir='ltr'><em>nori</em></span> <span class='ocrx_word' id='word_1_136' title='bbox 1175 2789 1299 2846; x_wconf 89' lang='lat' dir='ltr'><em>omnino</em></span> <span class='ocrx_word' id='word_1_137' title='bbox 1315 2788 1442 2850; x_wconf 83' lang='lat' dir='ltr'><em>seclusis</em></span> 
     </span>
     <span class='ocr_line' id='line_1_21' title="bbox 165 2879 1442 2984; baseline 0.004 -38"><span class='ocrx_word' id='word_1_138' title='bbox 165 2887 201 2946; x_wconf 83' lang='lat' dir='ltr'><em>ad</em></span> <span class='ocrx_word' id='word_1_139' title='bbox 223 2887 337 2967; x_wconf 87' lang='lat' dir='ltr'><em>lapides</em></span> <span class='ocrx_word' id='word_1_140' title='bbox 356 2887 433 2946; x_wconf 82' lang='lat' dir='ltr'><em>inira</em></span> <span class='ocrx_word' id='word_1_141' title='bbox 457 2888 584 2946; x_wconf 87' lang='lat' dir='ltr'><em>limitem</em></span> <span class='ocrx_word' id='word_1_142' title='bbox 607 2889 714 2958; x_wconf 81' lang='lat' dir='ltr'><em>maris3</em></span> <span class='ocrx_word' id='word_1_143' title='bbox 741 2888 778 2946; x_wconf 89' lang='lat' dir='ltr'><em>ad</em></span> <span class='ocrx_word' id='word_1_144' title='bbox 798 2889 938 2948; x_wconf 88' lang='lat' dir='ltr'><em>Pozmoli</em></span> <span class='ocrx_word' id='word_1_145' title='bbox 964 2897 993 2944; x_wconf 88' lang='lat' dir='ltr'><em>et</em></span> <span class='ocrx_word' id='word_1_146' title='bbox 1015 2889 1121 2984; x_wconf 69' lang='lat' dir='ltr'><em>Amqlli</em></span> <span class='ocrx_word' id='word_1_147' title='bbox 1144 2892 1231 2966; x_wconf 83' lang='lat' dir='ltr'><em>regui</em></span> <span class='ocrx_word' id='word_1_148' title='bbox 1250 2879 1442 2972; x_wconf 76' lang='lat' dir='ltr'><em>Neapolitani</em></span> 
     </span>
     <span class='ocr_line' id='line_1_22' title="bbox 162 2991 451 3068; baseline -0.003 -18"><span class='ocrx_word' id='word_1_149' title='bbox 162 3010 265 3050; x_wconf 84' lang='lat' dir='ltr'><em>mense</em></span> <span class='ocrx_word' id='word_1_150' title='bbox 279 2991 363 3068; x_wconf 80' lang='lat' dir='ltr'><em>junio</em></span> <span class='ocrx_word' id='word_1_151' title='bbox 378 2991 451 3068; x_wconf 82' lang='lat' dir='ltr'><em>legi.</em></span> 
     </span>
    </p>

    <p class='ocr_par' dir='ltr' id='par_1_8' title="bbox 160 3077 1442 4276">
     <span class='ocr_line' id='line_1_23' title="bbox 214 3077 1442 3192; baseline -0.001 -26"><span class='ocrx_word' id='word_1_152' title='bbox 214 3101 270 3166; x_wconf 87' lang='lat' dir='ltr'><em>M.</em></span> <span class='ocrx_word' id='word_1_153' title='bbox 288 3097 469 3168; x_wconf 82' lang='lat' dir='ltr'><em>coccineae</em></span> <span class='ocrx_word' id='word_1_154' title='bbox 483 3099 647 3190; x_wconf 88' lang='lat' dir='ltr'><em>proxima</em></span> <span class='ocrx_word' id='word_1_155' title='bbox 659 3151 668 3184; x_wconf 94' lang='lat'><em>,</em></span> <span class='ocrx_word' id='word_1_156' title='bbox 681 3110 716 3168; x_wconf 89' lang='lat' dir='ltr'><em>et</em></span> <span class='ocrx_word' id='word_1_157' title='bbox 730 3120 796 3192; x_wconf 91' lang='lat' dir='ltr'><em>pro</em></span> <span class='ocrx_word' id='word_1_158' title='bbox 812 3094 923 3186; x_wconf 88' lang='lat' dir='ltr'><em>hujus</em></span> <span class='ocrx_word' id='word_1_159' title='bbox 938 3093 1058 3162; x_wconf 85' lang='lat' dir='ltr'><em>forma</em></span> <span class='ocrx_word' id='word_1_160' title='bbox 1080 3077 1295 3164; x_wconf 76' lang='lat' dir='ltr'><em>obscuriore</em></span> <span class='ocrx_word' id='word_1_161' title='bbox 1309 3097 1442 3190; x_wconf 83' lang='lat' dir='ltr'><em>magis-</em></span> 
     </span>
     <span class='ocr_line' id='line_1_24' title="bbox 163 3191 1442 3309; baseline -0.001 -25"><span class='ocrx_word' id='word_1_162' title='bbox 163 3239 237 3309; x_wconf 87' lang='lat' dir='ltr'><em>que</em></span> <span class='ocrx_word' id='word_1_163' title='bbox 252 3196 436 3285; x_wconf 85' lang='lat' dir='ltr'><em>cbntracta</em></span> <span class='ocrx_word' id='word_1_164' title='bbox 448 3227 561 3309; x_wconf 88' lang='lat' dir='ltr'><em>atque</em></span> <span class='ocrx_word' id='word_1_165' title='bbox 573 3191 721 3288; x_wconf 79' lang='lat' dir='ltr'><em>densius</em></span> <span class='ocrx_word' id='word_1_166' title='bbox 733 3215 915 3286; x_wconf 79' lang='lat' dir='ltr'><em>ramulosa</em></span> <span class='ocrx_word' id='word_1_167' title='bbox 932 3215 1035 3285; x_wconf 87' lang='lat' dir='ltr'><em>initio</em></span> <span class='ocrx_word' id='word_1_168' title='bbox 1058 3209 1192 3304; x_wconf 89' lang='lat' dir='ltr'><em>habui,</em></span> <span class='ocrx_word' id='word_1_169' title='bbox 1212 3215 1274 3285; x_wconf 87' lang='lat' dir='ltr'><em>sed</em></span> <span class='ocrx_word' id='word_1_170' title='bbox 1291 3215 1442 3309; x_wconf 86' lang='lat' dir='ltr'><em>iusuper</em></span> 
     </span>
     <span class='ocr_line' id='line_1_25' title="bbox 162 3334 1442 3429; baseline -0.003 -19"><span class='ocrx_word' id='word_1_171' title='bbox 162 3348 349 3410; x_wconf 80' lang='lat' dir='ltr'><em>structura</em></span> <span class='ocrx_word' id='word_1_172' title='bbox 362 3337 512 3410; x_wconf 85' lang='lat' dir='ltr'><em>diversa.</em></span> <span class='ocrx_word' id='word_1_173' title='bbox 536 3335 689 3422; x_wconf 78' lang='lat' dir='ltr'><em>Articuli</em></span> <span class='ocrx_word' id='word_1_174' title='bbox 714 3359 847 3429; x_wconf 91' lang='lat' dir='ltr'><em>nempe</em></span> <span class='ocrx_word' id='word_1_175' title='bbox 859 3337 896 3406; x_wconf 90' lang='lat' dir='ltr'><em>in</em></span> <span class='ocrx_word' id='word_1_176' title='bbox 910 3341 966 3404; x_wconf 91' lang='lat' dir='ltr'><em>M.</em></span> <span class='ocrx_word' id='word_1_177' title='bbox 984 3337 1156 3408; x_wconf 86' lang='lat' dir='ltr'><em>coccinea</em></span> <span class='ocrx_word' id='word_1_178' title='bbox 1170 3334 1388 3428; x_wconf 89' lang='lat' dir='ltr'><em>cylindracei</em></span> <span class='ocrx_word' id='word_1_179' title='bbox 1405 3345 1442 3406; x_wconf 87' lang='lat' dir='ltr'><em>et</em></span> 
     </span>
     <span class='ocr_line' id='line_1_26' title="bbox 162 3453 1439 3557; baseline 0 -29"><span class='ocrx_word' id='word_1_180' title='bbox 162 3457 340 3528; x_wconf 89' lang='lat' dir='ltr'><em>diametro</em></span> <span class='ocrx_word' id='word_1_181' title='bbox 367 3453 451 3551; x_wconf 85' lang='lat' dir='ltr'><em>3plo</em></span> <span class='ocrx_word' id='word_1_182' title='bbox 484 3457 571 3550; x_wconf 63' lang='lat' dir='ltr'><em>lrplo</em></span> <span class='ocrx_word' id='word_1_183' title='bbox 599 3458 780 3551; x_wconf 84' lang='lat' dir='ltr'><em>longiores</em></span> <span class='ocrx_word' id='word_1_184' title='bbox 814 3466 921 3545; x_wconf 88' lang='lat' dir='ltr'><em>sunt,</em></span> <span class='ocrx_word' id='word_1_185' title='bbox 943 3469 1056 3550; x_wconf 88' lang='lat' dir='ltr'><em>atque</em></span> <span class='ocrx_word' id='word_1_186' title='bbox 1082 3457 1162 3550; x_wconf 91' lang='lat' dir='ltr'><em>ipsa</em></span> <span class='ocrx_word' id='word_1_187' title='bbox 1202 3453 1264 3528; x_wconf 86' lang='lat' dir='ltr'><em>fila</em></span> <span class='ocrx_word' id='word_1_188' title='bbox 1296 3481 1439 3557; x_wconf 88' lang='lat' dir='ltr'><em>semper</em></span> 
     </span>
     <span class='ocr_line' id='line_1_27' title="bbox 161 3555 1439 3674; baseline -0.002 -26"><span class='ocrx_word' id='word_1_189' title='bbox 161 3575 374 3648; x_wconf 88' lang='lat' dir='ltr'><em>dichotoma</em></span> <span class='ocrx_word' id='word_1_190' title='bbox 385 3577 478 3648; x_wconf 89' lang='lat' dir='ltr'><em>mihi</em></span> <span class='ocrx_word' id='word_1_191' title='bbox 488 3591 756 3674; x_wconf 82' lang='lat' dir='ltr'><em>apparuerunt3</em></span> <span class='ocrx_word' id='word_1_192' title='bbox 768 3579 806 3664; x_wconf 87' lang='lat' dir='ltr'><em>in</em></span> <span class='ocrx_word' id='word_1_193' title='bbox 818 3555 941 3648; x_wconf 82' lang='lat' dir='ltr'><em>nostra</em></span> <span class='ocrx_word' id='word_1_194' title='bbox 953 3590 1040 3648; x_wconf 88' lang='lat' dir='ltr'><em>sunt</em></span> <span class='ocrx_word' id='word_1_195' title='bbox 1051 3578 1143 3649; x_wconf 90' lang='lat' dir='ltr'><em>rami</em></span> <span class='ocrx_word' id='word_1_196' title='bbox 1152 3575 1275 3648; x_wconf 90' lang='lat' dir='ltr'><em>infimi</em></span> <span class='ocrx_word' id='word_1_197' title='bbox 1289 3575 1439 3648; x_wconf 90' lang='lat' dir='ltr'><em>filorum</em></span> 
     </span>
     <span class='ocr_line' id='line_1_28' title="bbox 162 3679 1442 3794; baseline -0.004 -24"><span class='ocrx_word' id='word_1_198' title='bbox 162 3696 468 3794; x_wconf 88' lang='lat' dir='ltr'><em>monililormium</em></span> <span class='ocrx_word' id='word_1_199' title='bbox 495 3701 665 3794; x_wconf 89' lang='lat' dir='ltr'><em>oppositi,</em></span> <span class='ocrx_word' id='word_1_200' title='bbox 681 3697 900 3792; x_wconf 84' lang='lat' dir='ltr'><em>articulique</em></span> <span class='ocrx_word' id='word_1_201' title='bbox 916 3679 1071 3782; x_wconf 84' lang='lat' dir='ltr'><em>breviter</em></span> <span class='ocrx_word' id='word_1_202' title='bbox 1091 3697 1273 3792; x_wconf 91' lang='lat' dir='ltr'><em>elipsoidei</em></span> <span class='ocrx_word' id='word_1_203' title='bbox 1299 3696 1442 3766; x_wconf 89' lang='lat' dir='ltr'><em>diame-</em></span> 
     </span>
     <span class='ocr_line' id='line_1_29' title="bbox 162 3815 1438 3913; baseline -0.002 -25"><span class='ocrx_word' id='word_1_204' title='bbox 162 3830 220 3889; x_wconf 89' lang='lat' dir='ltr'><em>tro</em></span> <span class='ocrx_word' id='word_1_205' title='bbox 233 3819 291 3887; x_wconf 81' lang='lat' dir='ltr'><em>vix</em></span> <span class='ocrx_word' id='word_1_206' title='bbox 302 3817 418 3912; x_wconf 92' lang='lat' dir='ltr'><em>duplo</em></span> <span class='ocrx_word' id='word_1_207' title='bbox 430 3817 623 3913; x_wconf 84' lang='lat' dir='ltr'><em>longiores.</em></span> <span class='ocrx_word' id='word_1_208' title='bbox 640 3815 810 3891; x_wconf 89' lang='lat' dir='ltr'><em>Ceterum</em></span> <span class='ocrx_word' id='word_1_209' title='bbox 825 3821 902 3912; x_wconf 90' lang='lat' dir='ltr'><em>ipsa</em></span> <span class='ocrx_word' id='word_1_210' title='bbox 920 3820 1044 3912; x_wconf 89' lang='lat' dir='ltr'><em>planta</em></span> <span class='ocrx_word' id='word_1_211' title='bbox 1069 3821 1118 3888; x_wconf 90' lang='lat' dir='ltr'><em>ita</em></span> <span class='ocrx_word' id='word_1_212' title='bbox 1131 3818 1241 3886; x_wconf 91' lang='lat' dir='ltr'><em>dense</em></span> <span class='ocrx_word' id='word_1_213' title='bbox 1254 3817 1438 3888; x_wconf 84' lang='lat' dir='ltr'><em>ramulosa</em></span> 
     </span>
     <span class='ocr_line' id='line_1_30' title="bbox 161 3937 1439 4034; baseline 0.002 -26"><span class='ocrx_word' id='word_1_214' title='bbox 161 3939 304 4028; x_wconf 87' lang='lat' dir='ltr'><em>etrami</em></span> <span class='ocrx_word' id='word_1_215' title='bbox 318 3941 368 4009; x_wconf 91' lang='lat' dir='ltr'><em>ita</em></span> <span class='ocrx_word' id='word_1_216' title='bbox 381 3938 530 4026; x_wconf 85' lang='lat' dir='ltr'><em>breves,</em></span> <span class='ocrx_word' id='word_1_217' title='bbox 549 3952 592 4010; x_wconf 92' lang='lat' dir='ltr'><em>ut</em></span> <span class='ocrx_word' id='word_1_218' title='bbox 610 3937 822 4034; x_wconf 82' lang='lat' dir='ltr'><em>difficillime</em></span> <span class='ocrx_word' id='word_1_219' title='bbox 835 3952 1051 4031; x_wconf 84' lang='lat' dir='ltr'><em>separantur</em></span> <span class='ocrx_word' id='word_1_220' title='bbox 1073 3951 1109 4008; x_wconf 90' lang='lat' dir='ltr'><em>et</em></span> <span class='ocrx_word' id='word_1_221' title='bbox 1123 3962 1248 4010; x_wconf 90' lang='lat' dir='ltr'><em>omnes</em></span> <span class='ocrx_word' id='word_1_222' title='bbox 1273 3939 1439 4034; x_wconf 87' lang='lat' dir='ltr'><em>plerum-</em></span> 
     </span>
     <span class='ocr_line' id='line_1_31' title="bbox 162 4057 1438 4154; baseline 0.002 -25"><span class='ocrx_word' id='word_1_223' title='bbox 162 4082 235 4154; x_wconf 90' lang='lat' dir='ltr'><em>que</em></span> <span class='ocrx_word' id='word_1_224' title='bbox 255 4061 294 4131; x_wconf 89' lang='lat' dir='ltr'><em>in</em></span> <span class='ocrx_word' id='word_1_225' title='bbox 323 4061 498 4132; x_wconf 84' lang='lat' dir='ltr'><em>exsiccata</em></span> <span class='ocrx_word' id='word_1_226' title='bbox 521 4057 731 4142; x_wconf 81' lang='lat' dir='ltr'><em>confluant3</em></span> <span class='ocrx_word' id='word_1_227' title='bbox 752 4059 791 4129; x_wconf 92' lang='lat' dir='ltr'><em>in</em></span> <span class='ocrx_word' id='word_1_228' title='bbox 821 4082 918 4154; x_wconf 90' lang='lat' dir='ltr'><em>aqua</em></span> <span class='ocrx_word' id='word_1_229' title='bbox 938 4058 1041 4130; x_wconf 91' lang='lat' dir='ltr'><em>dulci</em></span> <span class='ocrx_word' id='word_1_230' title='bbox 1055 4071 1256 4153; x_wconf 84' lang='lat' dir='ltr'><em>praeparata</em></span> <span class='ocrx_word' id='word_1_231' title='bbox 1275 4061 1438 4132; x_wconf 85' lang='lat' dir='ltr'><em>chartam</em></span> 
     </span>
     <span class='ocr_line' id='line_1_32' title="bbox 160 4157 1432 4276; baseline 0.002 -28"><span class='ocrx_word' id='word_1_232' title='bbox 160 4157 507 4274; x_wconf 39' lang='lat' dir='ltr'><em>margiae&#39;coccineo</em></span> <span class='ocrx_word' id='word_1_233' title='bbox 523 4178 594 4251; x_wconf 87' lang='lat' dir='ltr'><em>late</em></span> <span class='ocrx_word' id='word_1_234' title='bbox 606 4181 727 4273; x_wconf 84' lang='lat' dir='ltr'><em>tingit,</em></span> <span class='ocrx_word' id='word_1_235' title='bbox 740 4181 817 4274; x_wconf 88' lang='lat' dir='ltr'><em>ipsa</em></span> <span class='ocrx_word' id='word_1_236' title='bbox 829 4180 953 4274; x_wconf 88' lang='lat' dir='ltr'><em>planta</em></span> <span class='ocrx_word' id='word_1_237' title='bbox 966 4180 1052 4254; x_wconf 90' lang='lat' dir='ltr'><em>alias</em></span> <span class='ocrx_word' id='word_1_238' title='bbox 1065 4177 1219 4252; x_wconf 88' lang='lat' dir='ltr'><em>obscure</em></span> <span class='ocrx_word' id='word_1_239' title='bbox 1231 4205 1432 4276; x_wconf 88' lang='lat' dir='ltr'><em>purpurea.</em></span> 
     </span>
    </p>

    <p class='ocr_par' dir='ltr' id='par_1_9' title="bbox 160 4298 1476 4895">
     <span class='ocr_line' id='line_1_33' title="bbox 189 4298 1431 4402; baseline 0.005 -32"><span class='ocrx_word' id='word_1_240' title='bbox 189 4298 293 4370; x_wconf 83' lang='lat' dir='ltr'><em>-Oas</em></span> <span class='ocrx_word' id='word_1_241' title='bbox 313 4301 443 4372; x_wconf 85' lang='lat' dir='ltr'><em>Utrum</em></span> <span class='ocrx_word' id='word_1_242' title='bbox 464 4325 547 4372; x_wconf 85' lang='lat' dir='ltr'><em>vera</em></span> <span class='ocrx_word' id='word_1_243' title='bbox 561 4307 607 4372; x_wconf 88' lang='lat' dir='ltr'><em>D.</em></span> <span class='ocrx_word' id='word_1_244' title='bbox 626 4303 796 4376; x_wconf 86' lang='lat' dir='ltr'><em>coccinea</em></span> <span class='ocrx_word' id='word_1_245' title='bbox 811 4303 850 4372; x_wconf 93' lang='lat' dir='ltr'><em>in</em></span> <span class='ocrx_word' id='word_1_246' title='bbox 869 4303 963 4374; x_wconf 85' lang='lat' dir='ltr'><em>mari</em></span> <span class='ocrx_word' id='word_1_247' title='bbox 973 4301 1234 4402; x_wconf 85' lang='lat' dir='ltr'><em>Mediterranea</em></span> <span class='ocrx_word' id='word_1_248' title='bbox 1250 4302 1431 4392; x_wconf 85' lang='lat' dir='ltr'><em>obveniat,</em></span> 
     </span>
     <span class='ocr_line' id='line_1_34' title="bbox 160 4405 1432 4516; baseline 0.007 -25"><span class='ocrx_word' id='word_1_249' title='bbox 160 4447 208 4492; x_wconf 88' lang='lat' dir='ltr'><em>an</em></span> <span class='ocrx_word' id='word_1_250' title='bbox 232 4443 375 4512; x_wconf 89' lang='lat' dir='ltr'><em>semper</em></span> <span class='ocrx_word' id='word_1_251' title='bbox 398 4441 519 4494; x_wconf 86' lang='lat' dir='ltr'><em>nostra</em></span> <span class='ocrx_word' id='word_1_252' title='bbox 542 4423 676 4516; x_wconf 88' lang='lat' dir='ltr'><em>species</em></span> <span class='ocrx_word' id='word_1_253' title='bbox 693 4425 756 4510; x_wconf 88' lang='lat' dir='ltr'><em>sit,</em></span> <span class='ocrx_word' id='word_1_254' title='bbox 779 4424 944 4494; x_wconf 90' lang='lat' dir='ltr'><em>decidere</em></span> <span class='ocrx_word' id='word_1_255' title='bbox 970 4448 1044 4508; x_wconf 87' lang='lat' dir='ltr'><em>non</em></span> <span class='ocrx_word' id='word_1_256' title='bbox 1068 4405 1238 4496; x_wconf 89' lang='lat' dir='ltr'><em>audeam.</em></span> <span class='ocrx_word' id='word_1_257' title='bbox 1265 4425 1432 4500; x_wconf 84' lang='lat' dir='ltr'><em>Plantam</em></span> 
     </span>
     <span class='ocr_line' id='line_1_35' title="bbox 160 4539 1430 4642; baseline 0.002 -29"><span class='ocrx_word' id='word_1_258' title='bbox 160 4564 246 4614; x_wconf 89' lang='lat' dir='ltr'><em>sane</em></span> <span class='ocrx_word' id='word_1_259' title='bbox 257 4539 344 4612; x_wconf 92' lang='lat' dir='ltr'><em>olim</em></span> <span class='ocrx_word' id='word_1_260' title='bbox 356 4565 446 4613; x_wconf 88' lang='lat' dir='ltr'><em>arne</em></span> <span class='ocrx_word' id='word_1_261' title='bbox 458 4542 504 4616; x_wconf 86' lang='lat' dir='ltr'><em>ad</em></span> <span class='ocrx_word' id='word_1_262' title='bbox 519 4543 816 4642; x_wconf 84' lang='lat' dir='ltr'><em>Sto-Marguerite</em></span> <span class='ocrx_word' id='word_1_263' title='bbox 827 4545 1033 4618; x_wconf 86' lang='lat' dir='ltr'><em>insularum</em></span> <span class='ocrx_word' id='word_1_264' title='bbox 1044 4544 1430 4624; x_wconf 88' lang='lat' dir='ltr'><em>Stoechadumlectam</em></span> 
     </span>
     <span class='ocr_line' id='line_1_36' title="bbox 160 4661 1432 4772; baseline 0.009 -40"><span class='ocrx_word' id='word_1_265' title='bbox 160 4687 227 4760; x_wconf 88' lang='lat' dir='ltr'><em>pro</em></span> <span class='ocrx_word' id='word_1_266' title='bbox 247 4661 307 4736; x_wconf 88' lang='lat' dir='ltr'><em>illa</em></span> <span class='ocrx_word' id='word_1_267' title='bbox 322 4663 440 4762; x_wconf 85' lang='lat' dir='ltr'><em>specie</em></span> <span class='ocrx_word' id='word_1_268' title='bbox 454 4685 596 4772; x_wconf 83' lang='lat' dir='ltr'><em>semper</em></span> <span class='ocrx_word' id='word_1_269' title='bbox 609 4665 738 4754; x_wconf 89' lang='lat' dir='ltr'><em>habui,</em></span> <span class='ocrx_word' id='word_1_270' title='bbox 752 4666 813 4744; x_wconf 82' lang='lat' dir='ltr'><em>sed</em></span> <span class='ocrx_word' id='word_1_271' title='bbox 827 4668 1023 4764; x_wconf 83' lang='lat' dir='ltr'><em>specimine</em></span> <span class='ocrx_word' id='word_1_272' title='bbox 1039 4667 1138 4742; x_wconf 91' lang='lat' dir='ltr'><em>nullo</em></span> <span class='ocrx_word' id='word_1_273' title='bbox 1152 4667 1225 4764; x_wconf 81' lang='lat' dir='ltr'><em>jam</em></span> <span class='ocrx_word' id='word_1_274' title='bbox 1238 4667 1284 4743; x_wconf 89' lang='lat' dir='ltr'><em>ad</em></span> <span class='ocrx_word' id='word_1_275' title='bbox 1298 4662 1432 4762; x_wconf 74' lang='lat' dir='ltr'><em>luanus</em></span> 
     </span>
     <span class='ocr_line' id='line_1_37' title="bbox 162 4787 1476 4895; baseline 0.004 -37"><span class='ocrx_word' id='word_1_276' title='bbox 162 4797 350 4895; x_wconf 75' lang='lat' dir='ltr'><em>prasente,</em></span> <span class='ocrx_word' id='word_1_277' title='bbox 362 4797 400 4864; x_wconf 85' lang='lat' dir='ltr'><em>et</em></span> <span class='ocrx_word' id='word_1_278' title='bbox 413 4795 637 4870; x_wconf 82' lang='lat' dir='ltr'><em>structuram</em></span> <span class='ocrx_word' id='word_1_279' title='bbox 647 4788 743 4870; x_wconf 90' lang='lat' dir='ltr'><em>illius</em></span> <span class='ocrx_word' id='word_1_280' title='bbox 752 4791 933 4894; x_wconf 76' lang='lat' dir='ltr'><em>ignoranti</em></span> <span class='ocrx_word' id='word_1_281' title='bbox 946 4789 1038 4869; x_wconf 87' lang='lat' dir='ltr'><em>mihi</em></span> <span class='ocrx_word' id='word_1_282' title='bbox 1050 4814 1105 4868; x_wconf 87' lang='lat' dir='ltr'><em>res</em></span> <span class='ocrx_word' id='word_1_283' title='bbox 1121 4787 1234 4884; x_wconf 81' lang='lat' dir='ltr'><em>dubia</em></span> <span class='ocrx_word' id='word_1_284' title='bbox 1246 4801 1379 4884; x_wconf 74' lang='lat' dir='ltr'><em>maaet,</em></span> <span class='ocrx_word' id='word_1_285' title='bbox 1400 4789 1404 4796; x_wconf 72' lang='grc'><strong>“</strong></span> <span class='ocrx_word' id='word_1_286' title='bbox 1471 4838 1476 4851; x_wconf 86' lang='lat'>·</span> 
     </span>
    </p>
   </div>
   <div class='ocr_carea' id='block_1_3' title="bbox 0 0 1694 5464">
    <p class='ocr_par' dir='ltr' id='par_1_10' title="bbox 0 0 1694 5464">
     <span class='ocr_line' id='line_1_38' title="bbox 0 0 1694 5464; baseline 0 4"><span class='ocrx_word' id='word_1_287' title='bbox 0 0 1694 5464; x_wconf 95' lang='lat' dir='ltr'><em> </em></span> 
     </span>
    </p>
   </div>
  </div>
 </body>
</html>
